3074 4946
332 248 418 332 360
734 271 1014 338 murreumur

180 431 497 512 Α.β.ι3ι9σομέυους.
528 429 698 509 τοῦτομὲν
714 417 771 493 σύν
795 419 817 514 ᾖ
838 430 1063 514 προσετέτακτο
1083 423 1183 492 ἐποίει
1203 427 1287 494 κατὰ
1313 426 1422 511 τύχας.

328 527 432 595 ἐλθών
449 531 485 594 δὲ
505 525 591 616 παρὰ
609 525 666 613 τὴν
686 525 850 612 εἰσβολὴν,
878 525 939 613 τὴν
962 524 1115 614 στρατιὰν
1137 517 1211 613 εύρε
1231 529 1338 594 πᾶσαν
1359 520 1421 612 ἤδη

327 627 516 714 ούρμημένην
530 624 611 714 πρὸς
628 623 686 702 τοὶς
700 624 806 703 πόλεις
820 624 961 714 φεύγειν.
981 624 1012 692 οἱ
1026 625 1088 715 γὰρ
1105 628 1141 692 ἐκ
1161 627 1344 706 Βυζαντίου
1360 653 1421 710 μη-

327 729 364 794 δὲ
382 725 439 812 τήν
453 729 488 792 ἐκ
502 728 658 809 βασιλέως
675 726 826 791 ἐπάνοδον
841 725 1074 812 περιμείναντες
1093 721 1211 808 αύτοῦ,
1231 720 1313 791 itti
1332 725 1423 807 νομί-

236 835 437 903 minanter
452 829 639 911 τεθνηκέναι
655 827 807 909 βασιλέα,
827 821 944 912 σιτηνύς
960 849 995 890 τε
1009 827 1066 890 κατ’
1079 816 1160 890 ἄλλα
1171 819 1232 891 ὅσα
1250 827 1441 912 ἐπεφέρονῆ

245 921 246 928 ¹
324 948 358 992 το
378 925 531 1010 ἀράμενοι
536 977 547 1008 ,
567 927 710 1012 ἐχώρουν
727 924 807 1013 πρὸς
821 923 879 1004 τὰς
891 927 1056 1011 εἰρημένας
1073 928 1198 1002 πόλεις.
1230 923 1370 1012 δρῶντες
1385 924 1423 986 tt

226 1027 381 1108 1(ωηῦκαί
402 1023 433 1091 οἱ
457 1024 577 1109 λοιποὶ,
619 1020 727 1092 ούκέτι
753 1028 866 1109 μένεινΔ
883 1025 961 1091 otte
988 1024 1083 1091 αύτοί
1108 1021 1261 1092 ἐδύναντο
1285 1021 1342 1088 ἐστι’
1362 1022 1424 1086 τού

327 1127 561 1211 στρατοπέδου,
584 1125 666 1190 ἄλλοι
686 1129 823 1211 κεκινητο
841 1118 903 1213 ἢδη
920 1127 1008 1192 πᾶσα
1025 1120 1106 1212 πρὸς
1120 1121 1258 1212 φυγηνῆ
1274 1118 1424 1207 στρατιά.

279 1253 283 1268 ·
327 1225 460 1310 ύμέγας
480 1225 516 1290 δὲ
533 1227 714 1307 ύομὲστικος
736 1227 771 1292 ἐν
788 1227 882 1314 δεινῷ
901 1229 963 1308 μὲν
987 1223 1026 1291 τύ
1048 1221 1198 1309 γινόμενα
1216 1227 1351 1289 ἐποιεῖτο
1366 1222 1426 1284 κατ’

327 1319 455 1411 ὥρμητο
469 1321 545 1400 τούς
559 1321 704 1412 πριύτους
714 1328 771 1410 τῆς
783 1328 887 1412 φυγῆς
902 1327 1098 1413 ἀρξαμένους
1115 1319 1344 1410 ἀναστρέφειν.
1372 1317 1464 1395 dero

328 1427 364 1488 di
391 1421 485 1488 ούύέν
502 1425 567 1488 τῶν
588 1423 807 1508 προσηκόντων
832 1421 925 1507 ἴσχυε
945 1422 1113 1510 πράττειν,
1147 1423 1250 1510 (πᾶσα
1272 1417 1334 1505 γὰρ
1357 1409 1426 1502 ἤδη

327 1524 501 1608 νεκίνητοῆ
523 1521 685 1610 mooted)
706 1525 771 1608 τῶν
787 1514 893 1588 ἄλλων
912 1522 1084 1607 ἀμελήσας,
1105 1519 1159 1587 διὰ
1178 1520 1316 1603 σπουδῆς
1333 1519 1427 1582 ἐποι-

324 1627 390 1686 εῖτο
404 1621 507 1706 πάσης
521 1623 577 1685 καί
592 1620 760 1708 φροντίδος
782 1615 841 1705 τῆν
864 1626 1020 1705 βασιλέως
1042 1619 1219 1707 σωτηρίαν,
1250 1619 1306 1682 κατ’
1328 1607 1350 1704 ᾗ
1362 1613 1428 1680 τό·

293 1723 315 1774 Β
322 1743 419 1800 χιστα
438 1715 514 1804 εἶχε,
534 1717 615 1807 πρύς
630 1718 688 1805 τὴν
705 1722 862 1805 βασιλέως
879 1720 995 1808 σνηνῆν
1014 1718 1128 1803 ἐλθὸν,
1149 1722 1261 1784 τοῦτον
1277 1719 1338 1798 μὲν
1356 1709 1429 1796 ούχ

324 1809 424 1905 εύρεν.
444 1816 540 1905 ἡγὰρ
553 1819 709 1906 θεραπεία
724 1819 744 1907 ἦ
761 1817 836 1907 περὶ
853 1819 951 1888 αὐτὸν
968 1819 1026 1906 τὴν
1042 1822 1103 1901 μὲν
1117 1815 1267 1905 πρασιάν
1284 1807 1343 1900 ἤδη
1356 1815 1473 1887 αἵτ’-ιὸ

325 1943 386 1984 σαν
398 1917 534 2006 ύροὸντες
548 1919 736 2007 τύρμημένην
758 1918 838 2007 ττρύς
864 1918 968 2007 φυγὴν
988 1919 1043 1984 καί
1061 1915 1097 1984 τύ
1119 1915 1328 2002 στρατόπεδον
1343 1911 1432 2000 ἕρη-

323 2042 384 2098 μον
402 2020 630 2106 καταλειφθὲν,
669 2017 726 2084 τύν
746 2043 781 2084 τε
806 2022 941 2101 βασιλέα
968 2012 1135 2094 ἀδυνάτως
1163 2014 1276 2099 ἔχοντα
1302 2011 1355 2078 dui
1386 2011 1431 2078 τύ

324 2119 449 2204 τραῦμα
469 2121 555 2208 ἵππῳ
569 2121 722 2204 χρῆσθαι,
740 2120 901 2195 δείσαντες
919 2121 994 2204 περὶ
1013 2117 1117 2205 αύτῷ,
1138 2108 1271 2202 ἔραττες
1295 2113 1435 2180 ἐπίνοι’-

324 2240 438 2301 πητσς,
479 2211 529 2282 ἔνι’
545 2221 608 2282 τῶν
628 2215 877 2302 παρατυχόντων
900 2217 1048 2299 ἐνέβαλον
1072 2219 1178 2304 λέμβῳ
1203 2214 1259 2280 καὶ
1278 2213 1437 2277 ἐκέλευον

327 2324 394 2391 τοῖς
408 2315 542 2393 ναύταις
557 2317 602 2394 εἰς
618 2315 798 2394 Βυζάντιον
820 2316 982 2383 ἐλαύνειν.
1019 2316 1221 2401 ἀναστρέψας
1245 2314 1280 2378 δὲ
1304 2311 1481 2398 emeno

324 2417 382 2477 καί
397 2411 494 2489 αύτός
511 2417 558 2490 εἰς
580 2415 810 2500 Φιλοκρὴνηνμ
827 2417 873 2492 είς
888 2417 1027 2500 τέτταρα
1048 2417 1084 2480 δὲ
1107 2410 1128 2499 ἦ
1149 2407 1282 2498 οτρατιύ
1299 2412 1439 2495 διατρε-

321 2514 435 2594 θεῖσα,
468 2509 505 2576 τὸ
525 2516 585 2595 μὲν
601 2507 698 2599 αύτῆς
719 2513 881 2601 ἐχώρησεν
897 2516 942 2589 εἰς
958 2511 1176 2599 ριλοκρὴνην,
1200 2513 1246 2587 εἷς
1268 2507 1441 2593 Notand-

322 2633 380 2673 του
399 2612 436 2676 δέ
453 2609 489 2676 τὸ
505 2611 632 2694 λοιπὸν,
664 2615 710 2688 είς
727 2613 904 2698 Δακίβιζαν
925 2616 962 2681 δὲ
978 2612 1015 2679 τὸ
1029 2615 1148 2699 τρίτον,
1180 2614 1237 2677 κατ’
1252 2609 1287 2675 τὸ
1306 2612 1440 2698 τέταρ-

321 2729 378 2772 τον
394 2711 440 2787 εἰς
453 2707 489 2776 τὸ
509 2709 662 2792 Ῥιτζίου.
688 2707 850 2801 Ὀρχύνης
869 2715 905 2780 δέ
922 2716 987 2779 τῶν
1005 2714 1178 2797 γινομένων
1196 2712 1297 2797 μηδὲν
1316 2709 1438 2795 εἰδὼς,

322 2921 394 2972 tuari
414 2923 559 2992 omniaque
578 2925 710 2978 confundi
735 2927 854 2978 sineret:
880 2941 916 2978 ne
940 2926 1002 2978 sine
1024 2924 1151 2978 hostibus
1170 2924 1224 2994 ipsi
1242 2928 1328 2974 seruet
1345 2923 1438 2989 ipsos

204 3053 209 3058 ι
320 2988 476 3060 perderent„
514 2993 567 3044 Ubi
582 2993 617 3046 ad
632 2995 736 3048 aditum
755 3004 901 3049 castrorum
922 2997 1006 3060 venit,
1025 2996 1113 3066 (venit
1129 3002 1230 3056 autem,
1250 2993 1290 3044 uti
1308 2992 1439 3046 manda·

320 3067 464 3125 tumeret,
484 3061 621 3133 festinae)
639 3073 727 3117 totum
743 3069 895 3120 exercitum
912 3065 947 3118 ad
964 3069 1055 3136 fugam
1072 3067 1102 3117 in
1121 3065 1202 3117 urbes
1216 3061 1439 3118 incumbentem

321 3129 435 3181 invenit.
472 3131 541 3182 Nam
556 3135 697 3200 byzantini
711 3142 746 3188 tre
762 3145 919 3206 exspectato
935 3137 1047 3210 quidem
1066 3137 1125 3188 eius
1139 3135 1229 3188 reditu
1250 3133 1285 3183 ab
1304 3133 1440 3201 tmpera-

320 3206 398 3262 tore,
423 3217 505 3270 quem
531 3202 634 3257 obiisse
660 3207 815 3276 putabant,
843 3208 1029 3260 tabernaculis
1052 3223 1113 3259 oum
1139 3205 1214 3259 omni
1239 3205 1437 3258 instrumento

322 3269 452 3332 sublatis,
480 3271 515 3323 ad
542 3275 624 3327 urbes
642 3295 708 3348 quas
726 3277 844 3329 diximus
863 3281 917 3331 iter
943 3277 1128 3347 capessebant.
1175 3275 1238 3346 Qu0
1265 3284 1438 3344 οῦῠψθῦῖῠ,

321 3339 371 3391 alli
384 3355 418 3391 ne
433 3341 486 3410 ipsi
505 3345 616 3414 quidem
633 3364 742 3400 manere
754 3357 896 3415 poterant:
914 3347 964 3401 sed
984 3348 1075 3401 cuncti
1095 3349 1148 3400 iam
1162 3348 1253 3417 fugam
1267 3343 1437 3398 molieban-

322 3417 375 3462 tur.
411 3409 525 3482 Magnus
543 3416 708 3470 domesticus
727 3419 768 3469 rei
787 3418 980 3489 indignitatem
996 3421 1094 3490 iniquo
1110 3435 1204 3490 passus
1223 3418 1325 3480 animo,
1343 3419 1436 3484 prin·

323 3482 396 3549 cipes
417 3481 548 3552 fugitores
566 3487 600 3540 ad
619 3487 784 3541 reditionem
805 3490 936 3543 inducere
954 3489 1102 3542 nitebatur.
1138 3490 1207 3542 Cum
1225 3486 1298 3538 nibil
1313 3486 1437 3540 obtine-

324 3557 375 3610 ret,
393 3551 492 3622 (totum
511 3559 615 3629 quippe
633 3577 728 3628 agmen
746 3561 801 3611 iam
821 3560 957 3613 seditione
975 3559 1120 3629 fervebat)
1138 3561 1244 3632 reliqua
1267 3559 1298 3609 in
1314 3565 1437 3625 postre-

321 3621 373 3674 mis
389 3639 512 3692 ponens,
540 3631 615 3681 omui
634 3629 724 3681 studio
744 3643 863 3702 curaque
882 3630 917 3683 ad
934 3630 1048 3681 salutem
1069 3631 1246 3700 ‘imperatoris
1269 3644 1299 3680 se
1325 3626 1374 3679 dat
1404 3638 1437 3682 et

323 3709 405 3763 quam
423 3697 566 3757 celerrime
581 3707 681 3769 potest,
704 3699 740 3752 ad
760 3702 818 3752 eius
837 3701 1042 3755 tabernaculum
1064 3719 1206 3754 accurrens
1228 3715 1290 3752 eum
1305 3716 1359 3750 non
1384 3719 1438 3752 re-

319 3765 407 3832 perit:
428 3768 502 3837 quod
521 3772 649 3834 ministri,
668 3769 734 3822 dum
749 3773 898 3824 exereitum
913 3773 948 3824 ad
959 3773 1051 3840 sugam
1066 3773 1169 3835 efferri,
1188 3779 1275 3824 castra
1289 3768 1436 3834 descrere,

321 3836 410 3902 ipsum
435 3848 547 3908 propter
574 3842 682 3893 illatum
707 3841 804 3893 vulnus
828 3859 901 3912 equo
928 3843 1047 3894 insidere
1074 3860 1131 3894 non
1158 3859 1238 3910 posse
1271 3850 1436 3904 cernerent,

321 3905 380 3956 eius
401 3907 482 3960 saluti
502 3919 675 3972 metuentes,
702 3915 789 3982 tapeti
816 3914 974 3982 impositum
995 3930 1026 3964 ac
1046 3913 1138 3965 lembo
1157 3913 1231 3965 sorte
1250 3912 1360 3964 fortuna
1381 3929 1436 3962 oe-

320 3978 439 4028 curreuti
465 3978 617 4046 creditum,
654 3983 915 4055 Constantinopolin
935 3981 1141 4054 pervehendum
1159 3990 1327 4035 curaverant.
1372 3981 1435 4032 tte-

320 4063 411 4098 versur
436 4051 495 4118 ipre
522 4069 635 4123 quoque
651 4053 830 4107 Philocreneu
846 4057 989 4110 concessit.
1026 4057 1058 4106 ln
1078 4062 1194 4126 quatuor
1212 4063 1304 4106 autem
1321 4053 1436 4120 agmina

322 4115 416 4169 divisis
442 4121 595 4184 militibus,
623 4143 707 4176 rrnuru
734 4125 926 4187 Philumenen,
954 4121 1071 4181 alterurn
1103 4125 1289 4187 Nicetiaturrr,
1315 4125 1433 4174 tertium

321 4187 505 4256 Diaeilrizam,
537 4203 665 4266 quartum
683 4193 821 4252 Rhitziunr
842 4196 976 4253 discessit.
1022 4197 1161 4254 Orolunes
1186 4194 1285 4250 lroruur
1303 4195 1434 4247 omnium
