3128 4922
340 323 394 387 xx
769 314 799 374 1.·
825 307 1004 374 rourum

338 492 381 556 nb
402 499 473 554 ortu
494 485 629 568 Christi,
664 477 841 546 orientalem
870 479 1027 544 ecclesiam
1050 498 1070 540 e
1094 478 1232 542 Romana
1256 471 1433 542 secessisset

337 591 497 659 Feruntur
508 590 582 650 item
593 584 730 646 historici
744 603 806 643 non
819 583 929 665 pauci,
950 579 1010 644 hoc
1023 589 1128 646 nostro
1142 579 1254 662 pamm
1276 575 1430 656 antiquio.

337 713 413 770 res,
434 691 547 773 partim
561 687 760 762 recentiores,
782 702 858 764 quos
880 679 1009 776 eumad
1030 700 1127 740 uuum
1147 675 1198 739 vel
1211 679 1245 738 in
1255 673 1429 751 haereticis,

338 791 391 855 .vel
411 793 449 852 in.
465 788 660 854 schismaticis
680 786 747 846 iure
759 800 971 858 numeremus,
1003 778 1089 840 nullo
1112 789 1216 841 tamen
1237 793 1347 862 eorum
1367 773 1434 832 sine

340 890 456 972 aliquo,
479 888 620 950 omnibus
633 884 724 947 simul
737 887 801 944 sine
816 881 946 942 maximo
958 877 1141 940 detrimento
1155 874 1281 937 ecclesie
1294 872 1435 936 Romana

339 1011 444 1050 carere
464 1009 526 1049 non
541 998 651 1070 potest.
694 983 765 1046 Vin'
785 993 820 1043 tu
842 981 948 1042 audire
970 980 1024 1062 qui
1048 981 1130 1040 sint?
1185 975 1369 1036 Socomenus
1401 979 1435 1032 et

339 1089 478 1150 Socrates
492 1089 604 1166 Novati
618 1084 776 1168 perfidiam
793 1083 897 1144 sectati
911 1091 993 1142 sunt.
1035 1080 1177 1158 Quorum
1191 1075 1241 1137 hic
1256 1095 1319 1136 non
1329 1069 1434 1134 oblata

335 1187 459 1265 sotum,
488 1187 541 1248 sed
564 1185 716 1248 interdurn
739 1185 829 1244 etiam
852 1183 988 1266 quaesita
1007 1179 1164 1242 occasione
1184 1169 1372 1240 Novatiahos
1393 1169 1433 1232 li·

335 1285 447 1348 benter
468 1285 590 1363 laudet,
619 1285 691 1368 ipsis
713 1281 859 1344 miracula
880 1280 1000 1358 tribuit,
1024 1279 1234 1341 Romanorum
1255 1273 1435 1360 pontificum

339 1385 506 1466 potentiam
525 1384 676 1466 exagitat:
697 1403 786 1466 ,quae
799 1383 904 1444 omnia
917 1377 1045 1442 Iacobus
1056 1377 1163 1440 Billius
1177 1374 1315 1440 eruditus
1328 1371 1433 1434 Theo-

336 1482 425 1566 logus
439 1483 686 1546 observationum
700 1501 855 1547 racemum
875 1479 955 1544 libro
966 1479 1067 1563 primo
1081 1479 1180 1561 eapite
1193 1475 1339 1560 vigesimo
1351 1481 1435 1534 sexto

338 1577 508 1644 luculenter
527 1582 726 1646 demonstrat.
756 1582 805 1642 De
818 1580 990 1664 Nicephoro
1005 1575 1131 1640 Callisto
1145 1575 1243 1660 liquet
1261 1594 1297 1638 ex
1311 1573 1435 1634 omns-

337 1681 381 1744 dii
397 1681 535 1766 apologia
550 1702 607 1766 pro
620 1680 756 1745 Concilio
770 1681 967 1762 Florentino,
992 1678 1046 1740 ubi
1065 1679 1131 1742 eius
1144 1697 1208 1740 non
1223 1686 1290 1741 tam
1308 1673 1434 1768 scripta,

338 1801 431 1864 quern
450 1785 587 1848 convicia
605 1793 712 1844 contre
732 1781 858 1844 Latinos
871 1777 1064 1843 refellunturr
1080 1788 1116 1842 nt
1130 1775 1169 1840 de
1181 1777 1231 1858 iis,
1252 1795 1332 1860 quae
1345 1791 1433 1855 spar-

322 1865 397 1944 ¹sim
419 1882 451 1940 in
475 1879 635 1946 historiam
654 1901 741 1944 suam
762 1881 885 1944 sinistre
907 1880 1054 1962 insenuit,
1083 1877 1161 1942 nihil
1176 1877 1290 1940 dicam.
1331 1874 1433 1936 Zona-

338 1999 407 2042 ram
426 1978 778 2068 fuissentsummum,
804 1979 910 2042 testari
924 1987 1052 2064 possunt
1071 1979 1136 2042 eius
1150 1981 1292 2062 poemata
1311 1973 1433 2038 amssm·

336 2079 455 2140 tissima
476 2077 514 2139 de
528 2081 719 2163 processione
733 2081 829 2140 sancti
843 2077 992 2161 Spiritus,
1013 2088 1046 2140 et
1065 2075 1131 2145 elis.
1146 2077 1292 2141 adversus
1307 2075 1433 2138 Latinos

338 2176 526 2259 composita,
548 2195 627 2260 qrrae
638 2173 854 2238 Genebrardus
872 2175 948 2238 dum
961 2185 1170 2258 convertam,
1198 2195 1232 2243 se
1245 2173 1433 2236 criminatio·

339 2295 394 2336 nes
407 2274 475 2338 illes
490 2275 755 2338 omisissenarrat.
800 2274 848 2338 De
860 2273 1064 2359 Pachymerio
1078 2275 1161 2336 idem
1181 2284 1321 2336 constare
1332 2281 1434 2358 potest

336 2393 374 2434 ex
396 2373 545 2436 adiunctis
560 2374 600 2436 ad
619 2375 787 2458 Gregoram
807 2374 963 2437 Latinum.
1004 2375 1054 2436 Ea
1070 2384 1143 2438 sunt
1154 2375 1276 2458 capita,
1298 2393 1352 2435 seu
1371 2368 1434 2434 loci

339 2493 443 2537 rerum
456 2477 604 2537 memoria
617 2473 791 2558 dignarum,
808 2495 828 2538 e
842 2473 946 2538 codice
964 2473 1158 2559 Augustano,
1186 2474 1268 2540 carie
1281 2471 1432 2551 confecto,

338 2584 370 2634 et
390 2573 521 2654 mutilo,
550 2592 606 2657 per
625 2573 760 2658 singulos
780 2573 877 2636 libros
894 2576 1046 2658 excerptis
1081 2575 1168 2636 cuius
1188 2575 1308 2636 enimus
1322 2573 1355 2634 in
1367 2573 1432 2632 lto·

337 2691 460 2736 monam
483 2671 640 2736 ecelesiam
662 2673 761 2757 qualis
782 2673 892 2755 literit,
916 2693 953 2736 ex
975 2676 1104 2756 quinto,
1134 2677 1240 2755 sexto,
1269 2683 1301 2736 et
1322 2681 1432 2734 octavo

336 2773 529 2855 potissimum
550 2771 638 2836 libris
650 2773 897 2857 deprehendinu.
943 2773 1151 2857 Nicephorum
1165 2774 1334 2856 Gregoram
1352 2789 1432 2852 quo·

295 2953 300 2962 .
337 2893 418 2956 que,
446 2883 477 2934 ct
491 2871 629 2934 Nicetnrn
641 2873 822 2936 Choniatam
836 2893 943 2934 eorum
960 2883 1158 2935 monumenta
1170 2871 1315 2956 produnt.
1340 2867 1432 2932 Adde

336 2971 399 3034 huc
417 2970 611 3052 cedrenum,
636 2970 785 3054 Glycam,
812 2971 1045 3034 Constantinum
1067 2974 1257 3053 Manassem,
1285 2970 1432 3032 loannem

338 3082 369 3132 et
388 3071 553 3154 Georgium
585 3067 785 3154 curopalates
822 3081 852 3132 et
866 3069 962 3151 elios,
992 3073 1226 3154 siqrraeramus.
1265 3069 1346 3132 Nem
1372 3087 1431 3154 per

338 3166 391 3230 illo
404 3173 543 3251 tempora
563 3181 627 3232 tam
639 3189 702 3232 non
724 3171 813 3239 facile
829 3169 1033 3253 monachum,
1059 3181 1113 3233 aut
1126 3171 1304 3254 scriptorem
1325 3189 1346 3232 a
1364 3165 1430 3232 llo·
1556 3245 1557 3248 Ἴ

337 3288 430 3330 mana
442 3267 568 3330 ecclesia
581 3289 643 3330 non
656 3269 872 3332 alienissimum
886 3281 952 3334 erat
964 3273 1102 3334 invenire
1122 3273 1155 3334 in
1170 3271 1310 3351 Graecia,
1334 3285 1430 3352 quam

337 3365 431 3430 hodie
452 3365 574 3430 difficile
594 3379 640 3432 est
660 3389 840 3451 praeconem
858 3368 948 3434 verbi
965 3372 1046 3453 Dei,
1074 3382 1128 3434 aut
1142 3371 1348 3455 professorem
1366 3365 1428 3428 Ca-

336 3465 485 3528 tholieum
505 3468 643 3532 invenire
663 3469 695 3530 in
709 3468 847 3532 Saxonis.
887 3469 931 3532 Et
952 3473 1005 3552 qui
1024 3471 1148 3533 tandem
1165 3471 1230 3534 lieri
1249 3477 1366 3556 potest,
1391 3474 1429 3528 ut

337 3569 391 3650 qui
424 3565 619 3630 Paniarclns
649 3567 997 3654 Constantinopolitanos
1031 3569 1236 3634 schismaticos
1273 3563 1429 3652 appellant
1545 3584 1549 3594 ·

336 3667 561 3749 sanctissimos,
583 3671 815 3751 oecumenicos,
844 3679 877 3730 et
898 3669 1051 3754 principes
1069 3668 1231 3749 ecclesiae,
1258 3669 1316 3751 ipsi
1344 3667 1426 3730 eius·

337 3763 409 3826 de'rn
433 3765 549 3828 farinae
567 3785 631 3830 non
652 3766 789 3830 merintr
810 3767 844 3830 st
866 3789 922 3854 ego
935 3771 1109 3854 quempiam
1122 3764 1427 3854 Superintendentern

337 3865 518 3928 sanctissimi
540 3865 691 3930 vocabulo
714 3865 882 3948 efficerem,
914 3869 1024 3949 credo,
1053 3868 1168 3952 aliqui,
1202 3869 1265 3928 imo
1284 3865 1424 3952 plurimi,

335 3981 394 4024 nec
416 3965 546 4044 iniuria,
579 3985 629 4028 me
651 3966 860 4030 Luthernnum
888 3979 942 4030 ant
964 3967 1177 4032 Calvinisnum
1207 3985 1272 4028 esse
1300 3961 1424 4046 collige-

335 4071 416 4126 rent.
469 4062 572 4150 Atque
593 4077 629 4131 ut
649 4066 689 4130 ab
709 4061 861 4132 historicis
880 4069 1045 4154 ahesmm,
1074 4078 1105 4132 et
1121 4065 1160 4131 nd
1173 4061 1249 4132 alios
1262 4064 1424 4150 scriptores
