3128 4922
325 281 370 369 6,.
765 303 974 369 sennenn

324 481 408 536 gnum
428 463 563 539 afflctat,
580 467 629 518 cui
645 464 742 535 magni
767 461 924 534 logothetae
941 459 1008 532 filii
1029 457 1158 514 student.-
1176 466 1293 534 qtta'rttm
1311 463 1424 518 litterae

325 539 555 606 intercipiuntur,
582 550 610 590 et
623 553 717 590 eorum
729 546 812 604 pater
821 533 914 606 officii
928 533 974 584 sui
986 528 1159 584 admonetur.
1195 534 1425 588 Protouestarius

325 605 480 676 logothetae
498 619 621 658 extrema
641 609 796 666 minitans,
817 623 835 656 a
855 615 954 672 nepote
975 601 1169 672 compescitur,
1198 615 1226 654 et
1243 603 1321 674 apud
1339 621 1425 657 avum

325 690 485 730 excusatur.
523 677 611 728 Ambo
640 675 827 746 ingratissimi
844 675 1052 734 inveniuntur,
1072 687 1221 754 eorumque
1238 675 1424 746 instigatione

325 745 426 798 bellum
452 743 622 800 recrudescit
637 743 703 814 (43).
742 746 853 797 Nititur
882 761 966 794 sente
991 745 1149 796 memoriam
1169 743 1318 797 iuniorise
1336 747 1425 797 sacris

325 818 443 879 tollere,
471 820 549 870 cuius
574 817 765 888 patrocinium
782 812 948 885 patriarcha
966 815 1082 882 suscipit
1100 811 1166 884 ((4).
1203 819 1292 866 Avum
1307 816 1424 885 placare

324 884 502 940 Andronicus
521 899 659 948 conatur,
679 899 706 940 et
725 904 743 937 a
761 885 833 938 bello
848 882 1018 943 dehortans,
1040 900 1068 934 se
1087 883 1127 935 ad
1145 899 1257 936 causam
1276 883 1425 938 dicendam

326 958 419 1028 offert.
456 959 527 1009 Orat
553 955 625 1009 idem
650 975 702 1027 per
725 958 836 1008 litteras
856 972 973 1025 magnus
991 951 1156 1006 domesticus
1189 968 1216 1006 et
1245 956 1275 1006 in
1293 956 1425 1008 extremis

325 1040 425 1097 terret,
454 1029 480 1078 si
497 1029 603 1078 monita
620 1028 814 1097 contempserit
827 1025 891 1097 (45).
928 1025 1067 1094 llesponso
1089 1027 1141 1077 aui
1157 1037 1275 1078 moestus
1291 1027 1423 1086 iuvenis,

321 1097 517 1169 patriarchae,
537 1110 565 1149 et
576 1099 766 1168 episcoporum
779 1095 862 1166 fidem
881 1096 1016 1165 appellat,
1035 1096 1087 1167 qui
1103 1111 1164 1147 eum
1180 1096 1212 1146 in
1231 1097 1284 1147 atti
1300 1097 1424 1166 gratiam

324 1179 465 1220 conantur
487 1170 642 1220 restituere.
679 1169 836 1220 Mittuntur
851 1165 983 1236 Rhegium
1001 1183 1036 1219 ex
1049 1165 1138 1220 tribus
1151 1163 1253 1220 delecti
1266 1164 1423 1227 ordinibus,

344 1240 375 1289 ui
395 1239 514 1290 crimina
534 1251 694 1306 exponant,
721 1241 780 1290 eius
797 1235 985 1309 defensionem
1001 1235 1139 1297 audiant,
1159 1247 1187 1286 et
1206 1234 1334 1289 iudicent
1356 1235 1422 1307 (46).

322 1257 376 1361 hta
393 1323 478 1359 avum
499 1309 532 1358 in
550 1305 645 1360 odium
661 1309 757 1378 rapit,
785 1307 839 1359 sibi
857 1308 1080 1360 benevolentiam
1097 1304 1220 1358 iudicum
1240 1306 1367 1376 colligit,
1396 1317 1424 1358 et

324 1377 471 1447 sigillatim
489 1377 603 1431 obiectis
617 1375 774 1448 respondet.
809 1380 945 1451 Sequitur
958 1375 1153 1438 oratiuncula,
1173 1393 1230 1448 qua
1246 1393 1323 1428 suam
1339 1379 1423 1428 inno-

324 1449 444 1502 centiam
470 1445 607 1502 aduersus
631 1449 857 1502 criminationem
881 1447 914 1502 de
939 1450 1067 1519 periurio
1098 1449 1130 1499 in
1146 1445 1266 1516 saedere
1284 1443 1424 1500 violando

324 1515 497 1587 tuetur(bp).
550 1521 608 1572 Avi
625 1533 652 1572 et
671 1520 792 1572 Cacalae
811 1520 921 1572 litteras
941 1531 1040 1571 cotnra
1066 1533 1094 1570 se
1115 1517 1242 1590 profert,
1266 1518 1367 1588 quibus
1387 1517 1423 1569 ab

323 1588 392 1656 ipsis
401 1585 502 1657 foedus
520 1591 658 1642 violatum
676 1592 846 1643 convincere
865 1588 1010 1642 contendit
1026 1587 1094 1660 (48).
1144 1589 1264 1641 Cocalae
1280 1585 1425 1660 impuden-

322 1659 378 1710 tia.
401 1659 537 1730 Episcopi
550 1658 685 1713 damnare
698 1673 859 1713 accusatum
875 1673 1018 1714 verentur.
1039 1656 1215 1728 Respondent
1230 1676 1306 1722 avo,
1333 1657 1366 1711 de
1381 1675 1422 1720 st,

323 1739 355 1780 ut
371 1730 402 1779 in
421 1745 482 1781 eunt
498 1729 638 1800 officioso,
654 1728 812 1800 praedicat,
835 1730 927 1794 illum,
943 1743 975 1783 ut
991 1729 1171 1799 sycophantis
1187 1727 1341 1792 credulum,
1359 1746 1424 1797 per·

323 1799 455 1868 stringit,
472 1817 568 1868 pacem
582 1818 634 1870 pro
650 1801 808 1872 republica
823 1813 898 1865 orat,
926 1819 954 1854 se
972 1800 1098 1861 subiicit,
1122 1812 1149 1854 et
1167 1801 1199 1851 ni
1215 1799 1282 1852 bene
1297 1799 1423 1852 monenti

323 1867 510 1932 obsecundet,
528 1869 730 1942 minatur(49).
787 1873 906 1925 Cocalas
923 1885 989 1925 aeta
1002 1869 1103 1940 ilhegii
1121 1871 1269 1924 renuntiat
1286 1872 1349 1922 seni
1365 1887 1424 1921 om-

323 1939 393 1990 nia:
412 1939 521 2011 reliqui
533 1959 590 1994 non
604 1939 772 1997 audiuntur.
808 1941 881 1994 Eum
900 1941 1068 2014 patriarcha
1084 1941 1243 2010 castigans,
1272 1957 1289 1992 a
1309 1941 1424 1993 iuniore

323 2024 352 2060 se
366 2021 504 2062 staturum
516 2011 674 2082 profitetur.
714 2013 780 2065 Cum
797 2015 931 2084 episcopis
951 2009 1060 2066 idcirco
1076 2011 1194 2063 habetur
1208 2010 1259 2064 sub
1278 2000 1423 2063 bustodit's.

321 2079 446 2148 Magnus
469 2077 636 2134 domesticus
658 2093 686 2134 et
702 2095 894 2152 protostrator
909 2081 949 2134 ad
961 2079 1165 2152 procedendum
1186 2081 1424 2150 Constantinopo-

322 2147 367 2198 lin
391 2159 515 2218 nepotem
541 2154 680 2203 incitant:
713 2155 761 2204 eui
779 2170 852 2223 spem
876 2153 1015 2223 reliquam
1037 2153 1119 2222 pacis
1143 2149 1309 2204 domesticus
1336 2151 1423 2218 eripit

322 2214 390 2286 (50).
424 2218 528 2288 Rhagia
544 2221 711 2287 Byzantium
728 2221 784 2274 iter
798 2221 959 2275 intendunt.
987 2225 1109 2292 Imperat
1124 2223 1152 2274 ci
1166 2239 1258 2284 avus,
1282 2222 1327 2272 uti
1340 2239 1370 2274 se
1387 2219 1423 2272 ab

322 2287 390 2340 urbe
402 2290 563 2342 amoliatur.
592 2293 688 2344 Marci
706 2289 866 2344 caballarii
884 2295 1046 2346 convitium.
1070 2293 1225 2354 Memorat,
1255 2309 1312 2361 quo
1326 2291 1422 2362 officio

323 2357 355 2406 in
373 2375 458 2410 avum
470 2361 576 2430 suerit,
598 2363 678 2415 cuius
693 2365 882 2430 pertinaciam
900 2377 1023 2419 accusat.
1052 2363 1195 2428 Selybriae
1212 2359 1422 2430 rempublicam

321 2425 447 2480 ordinat.
481 2431 598 2482 liursum
613 2431 933 2503 neposDidymotichum
947 2433 1042 2487 rediit.
1072 2431 1252 2485 Andronicus
1271 2432 1421 2492 Tornices,

322 2507 351 2548 et
366 2499 485 2552 Manuel
505 2501 636 2556 bostaris
655 2505 799 2574 pactionis
822 2521 883 2558 cunt
905 2504 1027 2575 satrapis
1048 2503 1213 2570 Scytharum
1240 2503 1363 2570 suspecti
1394 2513 1424 2554 tt

323 2564 450 2622 thracia
469 2575 564 2624 exacti
582 2571 658 2642 (51),-
683 2589 756 2642 quae
779 2579 984 2645 protostratori
1003 2592 1063 2626 cum
1081 2585 1163 2644 parte
1184 2575 1329 2640 copiarum
1350 2589 1424 2625 com·

320 2638 450 2692 mittitur.
487 2641 523 2692 in
534 2643 730 2696 Macedoniam
744 2647 843 2699 iunior
855 2658 955 2698 contra
974 2643 1066 2697 hostes
1085 2644 1161 2706 abit,
1182 2643 1279 2694 Pheris
1294 2661 1342 2696 eos
1354 2661 1422 2712 pra-

323 2720 416 2766 vocat.
455 2710 495 2762 lis
518 2727 546 2763 se
566 2713 783 2776 excusantibus,
809 2735 864 2786 qno
883 2718 975 2766 minus
991 2713 1134 2785 postulata
1151 2725 1312 2785 praestent,
1332 2729 1424 2768 remo*

321 2789 407 2831 vetur
430 2778 497 2834 inde
521 2787 659 2836 exercitus
682 2783 750 2904 (521).
805 2785 1031 2838 Thessalonicam
1057 2796 1195 2837 vocatur:
1222 2783 1290 2836 urbe
1309 2780 1421 2844 dedita,

323 2867 378 2900 arx
396 2863 589 2920 oppugnatur,
626 2854 675 2908 cui
696 2855 848 2908 Pserenses
871 2867 975 2908 eventu
995 2854 1107 2926 infelici
1121 2851 1276 2907 subsidium
1295 2855 1420 2905 mittunt.

319 2921 492 2973 Miraculum
516 2925 610 2975 sancti
631 2919 767 2977 Demetrii
791 2927 924 2991 martyris
954 2927 985 2976 in
1004 2927 1181 2995 imperatore.
1216 2925 1275 2976 Arx
1295 2921 1424 2976 traditur

320 2987 387 3060 (53).
423 2991 617 3056 Deliberatur,
635 3011 691 3066 quo
709 2993 839 3053 eundum.
874 2995 1015 3047 Probatur
1031 2995 1179 3048 consilium
1206 2997 1303 3061 magni
1329 2993 1423 3048 dome·

321 3063 395 3111 ttici.
440 3061 548 3116 Edessa
576 3077 603 3118 et
631 3065 772 3119 Btrrhoea
797 3083 825 3118 se
851 3063 962 3119 dedunt.
999 3065 1103 3134 Ingens
1120 3063 1275 3118 occidentis
1292 3063 1421 3135 deflictio.

318 3129 411 3184 Duces
430 3135 552 3186 senioris
579 3134 620 3188 ad
638 3137 793 3190 Triballum
802 3135 969 3207 fugientes,
993 3154 1012 3188 a
1040 3135 1173 3188 Pheraeis
1191 3134 1326 3188 militibus
1345 3137 1425 3205 capti

319 3197 360 3252 od
376 3215 500 3270 nepotem
519 3201 709 3263 adducuntur.
750 3207 816 3258 Cum
836 3205 970 3260 uxoribus
987 3224 1083 3258 eorum
1103 3205 1221 3275 benigne
1246 3208 1342 3272 agitur
1354 3204 1423 3276 (54).

317 3267 433 3323 Deditio
453 3273 599 3326 Castoriae
629 3289 654 3328 et
678 3274 817 3329 Achridis.
854 3277 1095 3330 Protovestinrius
1120 3293 1180 3328 cum
1207 3277 1291 3336 sociis
1310 3275 1424 3328 Tribal-

317 3339 375 3424 lttqt
404 3337 443 3391 ad
459 3359 538 3392 arma
564 3343 596 3394 in
618 3345 810 3413 imperatorem
833 3346 971 3400 iuniorem
989 3348 1134 3401 sollicitat.
1174 3346 1275 3399 Uxoris
1301 3345 1423 3400 eiusdem

285 3415 288 3426 ·
315 3411 722 3480 protovestiariimendacium.
758 3416 959 3469 Domesticiin
980 3429 1135 3472 contemtu
1162 3419 1228 3469 auri
1257 3420 1424 3488 argentique

317 3477 396 3546 apud
408 3484 654 3552 protovestiarium
666 3487 770 3554 reperti
781 3487 906 3538 excelsus
922 3488 1039 3540 animus.
1077 3437 1256 3560 imperatoris
1267 3487 1426 3560 beneficen-

317 3549 369 3600 tia.
418 3552 587 3604 Voluntaria
604 3555 753 3618 agrestium
770 3555 941 3609 Albanorum
960 3556 1086 3614 deditio.
1118 3557 1302 3611 Triballorum
1324 3575 1425 3628 proce-

316 3637 377 3672 rum
397 3621 428 3672 in
453 3619 641 3676 dissttadendo
667 3625 740 3678 bello
767 3627 904 3692 aequitas.
954 3629 1021 3682 Viae
1048 3626 1088 3681 ad
1103 3628 1250 3700 fugitivos
1278 3627 1424 3680 iuvandos

315 3691 468 3760 complures
489 3688 555 3764 (55).
586 3695 673 3747 Casus
700 3693 863 3752 eorumdem.
900 3699 1066 3754 Strombitaa
1093 3712 1120 3752 et
1145 3699 1301 3750 Melenicus
1321 3700 1423 3752 nolunt

314 3779 343 3815 se
368 3760 478 3818 dedere.
514 3765 704 3818 Protostrator
728 3766 769 3820 acl
783 3767 909 3838 fluvium
935 3771 1052 3839 Nigrum
1080 3769 1217 3822 seniorem
1241 3769 1352 3821 vincit.-
1371 3786 1424 3822 nec

312 3831 438 3885 laetatur
458 3835 598 3888 victoriae
619 3837 718 3890 nuntia
743 3839 848 3893 iunior.
895 3839 1003 3893 Foedus
1032 3857 1092 3893 cum
1113 3841 1208 3891 Moeso
1227 3857 1311 3893 senex
1321 3839 1422 3912 satit,-

312 3901 354 3952 ad
367 3905 459 3956 urbem
482 3906 580 3957 iunior
598 3907 724 3972 accedit,
745 3927 839 3977 pacem
857 3911 957 3964 iterant
985 3912 1140 3980 iterumque
1157 3906 1237 3978 petit.
1274 3909 1337 3961 Duo
1361 3909 1422 3978 ple·

311 3968 370 4024 btit'
389 3974 655 4047 Constantinopolin
672 3977 794 4045 produnt
813 3979 879 4052 (56).
917 3981 1046 4034 Pulcrum
1066 3980 1217 4049 exemplum
1239 3979 1421 4033 Christianae

309 4044 532 4098 mansuetudinis
541 4045 719 4102 Andronicus
737 4052 837 4104 minor.
863 4049 1059 4104 Proditoribns
1072 4051 1227 4119 praemium
1248 4048 1422 4118 condignum

306 4114 487 4180 promittitur.
524 4119 635 4171 Moesus
650 4119 691 4172 ad
706 4121 834 4193 confinia
853 4123 950 4185 copias
969 4119 1096 4178 adducit.
1123 4119 1217 4192 Nepos
1236 4120 1316 4174 abire
1329 4121 1423 4190 Legae

308 4177 442 4264 decernit.
484 4187 637 4250 Quaeritur
662 4207 713 4243 cur
742 4192 801 4244 tria
824 4191 916 4243 millia
941 4191 1065 4261 equitnm
1084 4210 1103 4244 a
1122 4193 1226 4246 Moesis
1250 4191 1423 4258 Byzantium

308 4267 401 4310 messa.
435 4257 512 4310 Avus
540 4259 720 4316 marritionem
739 4261 772 4318 de
797 4263 924 4336 periculo
943 4261 1097 4335 vilipendit
1114 4261 1182 4336 (57).
1218 4261 1421 4333 interrogatur
