3114 4930
450 301 735 372 nrsroaranuu
764 309 790 372 r.
808 316 861 380 σο,
1124 307 1182 394 99

100 456 228 520 διέλυσε
250 451 308 522 τύν
322 450 492 540 σύλλογον,
518 458 564 533 είς
584 455 641 544 τὴν
663 449 835 547 ἱύστεραίαν
856 456 893 526 τύ
912 462 1010 547 πέρας
1027 459 1083 546 τῆς
1105 463 1250 542 βου-λδ.
1264 470 1326 525 ιλιι

99 554 160 636 λῆς
178 553 363 638 ἐξαρτήσας.
382 549 503 619 τούτων
524 557 559 620 δὲ
578 557 803 641 διαλυθέντων,
824 551 893 640 ἅμα
909 565 974 636 τοῖς
986 561 1075 645 τρισί
1088 555 1182 626 πάλιν

101 650 289 734 ύβασιλεύς
311 650 491 735 ἐβουλεύετο
511 651 588 740 περί
610 657 672 721 τῶν
697 657 928 742 προκειμένων,
960 653 983 720 ἃ
1010 659 1184 742 συμφέρειν

101 753 232 827 ἕκαστος
251 749 351 816 οἴεται
373 749 521 828 κελεύσας
540 756 649 820 εἰπεῖν.
676 747 762 820 εἶπεν
776 747 832 820 σύν
849 758 973 842 πρῶτος
991 752 1008 820 d
1027 753 1185 840 Συργιύν-

80 855 169 934 iupa·
197 897 218 929 ,,
225 847 317 933 ἡμεῖς
353 845 375 914 ἃ
392 847 447 914 καί
466 849 619 936 πρότερον
634 851 911 935 ἐβουλευσάμεθα,
931 855 1078 935 βασιλεύ,
1099 844 1184 930 ύντες

98 950 136 1014 ἐν
158 945 346 1035 Βυζαντίῳ,
375 947 431 1012 ούιι
453 947 521 1037 ἰδίρ
537 974 568 1014 ει
587 949 809 1036 ἐχθραίνοντες
827 949 1050 1038 ἐφθεγξάμεθα
1076 951 1119 1038 τῷ
1138 953 1184 1038 σῷ

99 1041 219 1134 πύππφ
233 1043 287 1109 καί
297 1050 431 1129 βασιλεῖ,
453 1047 529 1114 ούδέ
541 1051 616 1134 περί
629 1051 775 1114 πλειστου
789 1046 824 1116 τὸ
838 1051 940 1126 κακῶς
961 1046 1060 1114 ούτύν
1075 1046 1184 1112 ποιού-

97 1167 198 1228 μενοι
212 1148 345 1228 παθεῖν,
366 1141 447 1210 dato}
468 1150 525 1231 τῆς
544 1151 602 1233 σῆς
619 1145 785 1234 ιιρδύμενοι
806 1145 981 1234 σωτηρίας,
1007 1143 1184 1229 ἄναγναιύις
1304 1213 1307 1222 .
1334 1223 1337 1228 Ι

101 1240 287 1330 ἐφερόμεθα
303 1240 381 1329 πρὸς
396 1247 500 1310 τοῦτο·
526 1242 626 1332 ἧμύρ
651 1250 709 1312 τοῦ
733 1243 804 1325 ἓνύς
818 1241 1014 1330 εύδοιιίμησις
1035 1246 1095 1310 τού
1116 1237 1264 1318 ἑτέ-ΡΜ

65 1364 164 1428 ισρου
182 1335 431 1427 εἶναιφαίνεται
453 1340 664 1430 καταστροφή·
684 1341 758 1430 deq·
776 1343 831 1410 καί
845 1347 916 1410 νυνί
932 1344 1108 1426 συμβαίνει.
1129 1344 1187 1426 τῆς

99 1438 164 1526 μύρ
179 1444 330 1532 στρατιᾶς
344 1440 469 1527 ύπύσης
483 1444 532 1510 ἐπ’
548 1437 645 1526 μύτόν
654 1445 736 1509 ι’ἐναι
750 1444 1024 1529 πραθυμαυμίνης,
1044 1440 1186 1530 (ἔχονται

102 1541 140 1604 δὲ
162 1534 270 1624 ὀρθῶν
296 1544 474 1624 λογισμῶν,
509 1541 564 1606 καί
583 1542 640 1606 orie
660 1539 745 1608 ἐστιν
763 1541 878 1608 ούδένει
896 1545 971 1607 νούν
993 1537 1109 1623 ἔχοντα
1132 1532 1187 1602 ύν-

101 1643 257 1726 recusam)
285 1636 319 1704 εἴ
332 1665 366 1705 τι
387 1637 442 1705 καί
458 1638 533 1726 περί
550 1640 665 1706 ἐκεῖνον
682 1639 824 1725 συμβαίη
844 1643 908 1705 τῶν
924 1638 1103 1724 δυσχερῶν,
1124 1629 1162 1698 ού
1163 1659 1188 1718 χ

101 1737 193 1821 ἡμῶν
215 1739 280 1802 τῶν
300 1730 561 1823 ἦναμκασμένιον,
596 1733 666 1804 ἀλλ’
688 1741 815 1804 ἐκείνων
841 1733 882 1804 dr·
905 1735 953 1822 εἴη
985 1739 1047 1802 τῶν
1068 1735 1113 1810 είς
1130 1731 1187 1818 τὴν
1289 1773 1294 1785 ι

67 1831 244 1921 ι5ύνύμιιην
264 1835 509 1924 συνελασύντιον.
547 1838 712 1924 τοιγαροῦν
740 1838 811 1904 ἐπεὶ
827 1837 913 1922 κοινῇ
936 1837 1016 1900 πᾶσι
1037 1830 1078 1896 τύ
1103 1828 1188 1896 αύτίι

103 1933 191 2015 ἔδοξε
214 1939 407 2018 λυσιτελεῖν,
427 1933 519 2020 ἡμεῖς
536 1959 571 2000 τε
589 1930 741 2018 οὐδεμίαν
753 1943 820 2010 τοῖς
834 1932 1092 2016 βεβουλευμένοις
1105 1930 1189 2011 μέμ-
1285 1987 1286 1992 ,

103 2051 162 2115 φιν
180 2029 296 2116 ἔχομεν
322 2035 501 2121 ἐπιφέρειν,
531 2031 572 2099 τύ
592 2037 680 2122 κοινῇ
700 2033 851 2110 δοκοῦντα
877 2031 1027 2118 πράττειν
1042 2025 1189 2112 decipere?

108 2129 240 2208 Τούτοις
265 2142 391 2199 συνεῖπε
409 2135 465 2197 καί
480 2133 496 2198 ὃ
510 2131 772 2219 πρωτοστρύτιορ·
811 2131 868 2196 τού
889 2126 1026 2214 μεγάλου
1042 2149 1076 2194 τε
1098 2128 1192 2206 δαμε-

104 2230 212 2296 στίιιου
241 2228 288 2316 μὴ
317 2227 525 2317 συνετώτερον
565 2228 679 2296 ἐαυτὸν
700 2224 783 2295 εἶναι
822 2231 961 2311 νομιζειν
990 2227 1055 2292 τούν
1088 2215 1220 2298 ἄλλωνε

65 2327 254 2398 noandum
274 2328 436 2411 εἰπόντος,
467 2323 549 2394 olore
577 2338 644 2405 τοῖς
677 2329 763 2418 κοινῇ
794 2329 938 2406 δοκοῦσιν
967 2321 1063 2390 αύτὸν
1094 2319 1192 2405 μόνον

107 2429 233 2494 ἐναντία
250 2427 360 2513 λέγειν,
373 2427 557 2514 ἐνέστησαν.
572 2428 708 2511 βαθείας
725 2429 761 2492 δὲ
781 2420 893 2501 νυκτύς
905 2419 960 2490 τὸν
975 2425 1077 2507 με’γον
1096 2423 1193 2502 δομέ-
1247 2483 1251 2492 ,

107 2550 216 2592 στινον
237 2525 254 2591 ri
275 2521 424 2609 βασιλεύς
443 2527 541 2609 μόνον
560 2521 771 2612 παραλαβών,
801 2514 970 2598 ιιαίαύθις
990 2517 1193 2602 ἐβουλεύοντο

106 2629 259 2714 περὶτῶν
276 2620 389 2690 ούτῶν·
417 2624 519 2693 ἐδόκει
539 2627 574 2690 δὲ
589 2627 644 2690 καί
661 2623 772 2700 αὐτοῖς
788 2615 895 2711 doado
913 2623 972 2705 μὲν
987 2615 1120 2704 ἔχεσθαι
1134 2613 1193 2704 τῆν
1242 2607 1246 2616 ’

176 2771 219 2808 επ
237 2749 400 2822 ἐβουλεύετο
417 2753 489 2805 male
516 2752 585 2806 coni.
605 2751 658 2804 ΕΙ).
676 2750 702 2802 Ρ.

107 2874 307 2948 propemodum
327 2881 437 2942 agatur,
463 2871 618 2943 praefatur,
644 2871 675 2921 ia
695 2868 768 2920 diem
785 2865 900 2920 alterurn
921 2865 1023 2918 reiecta
1041 2862 1191 2924 tentantia,

109 2948 257 3000 concilium
268 2944 382 3002 dimisit.
417 2944 482 3012 Quo
498 2941 626 3002 timiam,
652 2955 714 2990 eum
726 2937 813 2990 tribuo
826 2937 882 2989 illia
897 2951 1002 2987 rursum
1022 2933 1132 2985 consilii
1148 2948 1194 2982 aa·

128 3019 204 3070 ieadi
218 3013 368 3068 deliberat:
388 3022 416 3066 et
430 3015 571 3081 praecipit,
591 3017 622 3062 ut
634 3007 708 3078 quod
727 3005 857 3076 expedire
873 3005 1009 3067 videatur,
1026 3019 1062 3056 ue
1077 3007 1193 3054 taceant.

142 3087 211 3140 'mua
225 3085 387 3155 Syrgianaea
403 3082 442 3135 εἰσ
458 3083 577 3150 incepit:
614 3079 693 3148 Quae
712 3075 765 3127 iam
780 3085 844 3127 ante
860 3074 984 3141 Byzantii
999 3073 1029 3124 in
1049 3085 1193 3141 congreaau

110 3159 246 3220 dirimat,
264 3173 320 3207 uon
336 3155 443 3225 privato
457 3153 550 3223 aliquo
564 3151 594 3203 in
606 3165 684 3200 avum
697 3153 775 3198 tuum
790 3145 873 3208 odio,
889 3158 980 3213 aeque
998 3140 1072 3213 quod
1085 3143 1114 3192 in
1132 3157 1195 3191 mo-

109 3229 182 3280 ximo
200 3229 276 3280 lucro
293 3227 351 3277 eiuo
367 3223 547 3276 calamitatem
570 3232 748 3291 poneremus,
772 3215 858 3268 locuti
881 3229 985 3266 eumue:
1012 3211 1060 3264 rod
1078 3203 1194 3281 quiade
1279 3200 1287 3212 ⁸

110 3299 198 3350 ralute
217 3306 246 3349 et
265 3295 452 3348 incolumitate
474 3301 521 3345 tua
544 3289 646 3343 soliciti
664 3302 784 3350 eramus,
809 3303 841 3338 oo
857 3282 1008 3336 necessario
1027 3279 1192 3334 devenieba-

109 3383 185 3420 mua:
207 3369 289 3420 unius
306 3367 380 3418 enim
397 3363 503 3416 claritas
515 3369 542 3414 et
555 3358 717 3420 illustratio,
735 3356 847 3410 alteriue
864 3353 973 3406 videtur
984 3354 1100 3408 eversio:
1120 3349 1196 3422 quod

110 3446 139 3490 et
156 3455 230 3490 nuno
250 3437 385 3488 usuvenit.
422 3432 504 3504 Quod
528 3433 601 3483 enim
625 3429 758 3481 exercitur
776 3427 917 3480 universus
940 3424 998 3476 eiua
1019 3419 1195 3492 oppugnandi

110 3509 249 3561 deriderio
269 3507 373 3569 fervet,
396 3519 511 3574 aequum
529 3499 681 3563 desiderat,
699 3515 751 3550 nec
772 3513 835 3549 eum
869 3497 995 3565 uinquam
1012 3493 1131 3560 prutlena
1150 3507 1194 3541 re-

110 3577 277 3648 prehendet:
301 3587 330 3629 et
352 3579 375 3628 εἱ
396 3573 462 3646 quid
485 3571 609 3625 odiorum
640 3578 668 3620 at
688 3585 722 3620 ue
742 3583 822 3637 grave
839 3515 882 3619 illi
901 3564 1062 3634 eontigerit,
1088 3579 1144 3614 uon
1165 3560 1195 3613 id

108 3657 212 3714 noatra,
227 3649 274 3718 qui
290 3651 424 3716 cogimur,
442 3642 490 3696 red
507 3642 627 3704 illorum,
642 3657 690 3710 qur
710 3646 819 3706 coguut,
839 3637 918 3704 eulpa
939 3633 1091 3702 contigerit
1128 3631 1195 3683 Pro·

108 3718 189 3782 inde,
216 3720 281 3790 quia
310 3714 488 3768 communiter
515 3712 642 3764 omnibus
666 3726 699 3760 ea
722 3710 779 3760 vita
805 3713 870 3758 aunt
893 3704 1059 3764 conducere,
1096 3706 1125 3752 et
1146 3717 1196 3750 noa

107 3805 203 3842 eorum
229 3787 374 3840 eonsilium
395 3780 547 3851 vituperare
570 3781 647 3832 nullo
673 3779 754 3831 modo
782 3790 939 3845 pessumum
966 3787 1037 3843 quae
1062 3769 1196 3820 universio

22 3881 28 3891 ·
108 3859 270 3927 probantur,
290 3856 324 3910 ad
340 3873 397 3908 rem
412 3851 577 3906 conserenda
595 3857 668 3904 aunt.
686 3851 717 3900 ln
736 3846 806 3900 hauc
821 3845 986 3896 seutentiam
1006 3839 1123 3910 pedibus
1144 3837 1196 3889 ivit

109 3929 192 3981 etiam
217 3927 402 3997 protostrator.
440 3923 562 3992 Cumque
589 3919 741 3972 addidisset
763 3930 873 3984 magnus
895 3913 1076 3970 domesticus,
1094 3925 1150 3959 aon
1166 3922 1196 3960 ιο

107 3999 294 4070 intelligentia
313 3995 547 4055 armeniacae,
578 3997 609 4042 ut
626 3992 685 4059 ipre
703 3987 776 4038 uolua
794 3984 931 4039 communi
950 3979 1053 4033 iudicio
1073 3975 1197 4028 adversa·

108 4077 199 4132 retur,
221 4074 405 4122 surrexerunt.
443 4062 496 4115 Ubi
514 4062 675 4132 plerumque
694 4059 783 4110 noctis
800 4053 947 4124 processit,
971 4049 1118 4116 imperator
1135 4061 1198 4098 eum

107 4155 206 4209 magno
228 4137 380 4190 domentico
403 4134 462 4186 uolo
486 4132 583 4185 iisdem
606 4130 640 4182 de
665 4127 746 4180 rebus
765 4122 990 4180 deliberationem
1008 4119 1099 4172 habet.
1135 4115 1198 4168 Sta·
1232 4157 1233 4164 ,

109 4217 196 4262 tuunt
212 4209 311 4270 ambo,
341 4223 397 4260 nou
416 4203 486 4258 male
505 4203 622 4274 cogitare
639 4197 748 4253 militer.
786 4191 870 4266 Quod
892 4192 966 4246 euim
987 4189 1095 4243 molitio
1118 4185 1198 4242 aovi·
