3128 4922
458 355 742 424 ntsroarsmm
772 363 798 424 ι.
826 361 857 432 9.
1146 327 1202 432 45

125 506 368 596 ἐνδιατρίβοντα
390 509 513 594 πόνοις,
548 515 643 578 τούτο
672 515 707 578 δὲ
734 507 921 596 ἠγνοηκότα,
952 507 996 588 σός
1010 509 1071 593 μάα
1094 512 1206 596 καιροῦ
1213 521 1353 580 teano

124 609 200 698 ῥοπὴ
225 611 346 674 πολλῶν
367 610 488 694 ποιήσει
505 611 696 700 πραγμάτων
718 612 929 694 μεταβολάς.”
967 610 1038 680 Ἐπὶ
1056 611 1178 688 τούτοις
1192 593 1288 676 δι’·31

121 715 215 794 με’γας
231 711 412 789 δομόστικος
430 703 497 774 εἶπε
513 712 638 778 τοιάδε·
656 711 794 794 „attera
809 707 926 792 νομίζω
942 709 1005 776 τοῖν
1028 709 1084 776 καὶ
1100 709 1208 776 δπωσ.

124 813 175 875 ούν
196 807 430 895 μετειληχότων
455 814 597 898 φρενῶν,
630 807 729 887 οὕτως
749 805 864 876 ἑαυτὸν
880 801 976 890 olei}
997 809 1098 897 ἀρχῆς
1114 812 1206 893 ἐβου.

105 911 249 975 όλεόσατο
275 910 456 974 πεπεικέναι
476 909 613 994 βεβαάσς
636 913 803 993 ἐμμένειν,
827 905 908 976 niort
929 910 975 997 pr)
987 909 1206 996 μεταβάλλειν,

121 1003 231 1094 ἑτέρων
252 1009 287 1072 ἐν
313 1005 437 1098 ύστὲρφ
463 1013 664 1096 φαινομένων
688 1007 864 1092 βελτιόνων.
894 1008 950 1075 καί
975 1013 1012 1076 σὲ
1037 1009 1072 1074 δὲ
1099 1006 1208 1092 αὐτόν,

121 1107 172 1172 ούκ
187 1101 226 1174 άν
242 1103 428 1194 εὐπορήσειν
454 1109 505 1174 ἐπ’
529 1107 603 1190 ε’μοδ
617 1108 775 1196 λοιδορίας
790 1108 983 1196 δπερβαλῆς,
1003 1102 1025 1195 ἢ
1041 1102 1124 1174 uiso
1138 1106 1213 1193 περὶ
1227 1171 1230 1180 ,

121 1209 179 1271 τόν
196 1205 392 1292 πραγμάτων
408 1209 509 1290 λέγειν
524 1203 628 1291 ἔχειν,
656 1209 692 1273 δν
709 1210 849 1298 διαφορηῖ
866 1209 1074 1274 καταστάντα
1093 1205 1154 1292 lysi
1174 1207 1212 1272 δδ

120 1296 264 1371 τοσούτου
289 1306 353 1370 δέω
376 1298 482 1372 ὁποῖον
506 1301 593 1373 εἶναι’
622 1332 722 1394 φατε,
760 1303 842 1374 οἷστε
867 1307 928 1376 κάν
951 1317 1015 1386 τοῖς
1031 1306 1211 1394 δημοσίοις,

90 1399 173 1472 rozir
185 1413 251 1481 τοῖς
268 1401 380 1487 ι’δάοις,
408 1407 518 1492 ψῆφον
541 1403 703 1484 deseritis
721 1403 859 1491 ἔχουσαν
872 1406 927 1473 sui
940 1409 997 1472 τού
1013 1409 1211 1474 λυσιτελούν-

120 1527 164 1580 rae
180 1501 216 1568 τό
236 1507 342 1570 δοκεῖν
362 1507 397 1582 ἐς
419 1501 459 1570 τά
482 1503 622 1585 μάλιστα
650 1506 878 1594 ἐφικνουμένην
894 1505 971 1594 περί
989 1531 1071 1585 τινος
1086 1505 1210 1582 ,πολλά-

120 1631 163 1681 κις
179 1602 364 1690 ἰξευεγκάν,
393 1597 454 1692 ἤδη
481 1608 517 1672 δὲ
541 1605 597 1672 καί
618 1604 695 1694 πρὸς
719 1605 754 1673 τὸ
781 1607 929 1694 πράττειν
952 1609 1081 1697 χωρῶν,
1110 1605 1237 1674 ἕπειτἜ

119 1699 247 1794 ἢὲτέρῳ
275 1702 313 1768 τά
339 1692 434 1789 ἧσσον
466 1701 552 1791 ἔχειν
578 1705 634 1772 tut
656 1707 700 1795 τῷ
730 1715 858 1794 φρονεῖν
884 1709 1048 1790 δοκοῦντι,
1077 1699 1215 1792 ἢαύτάς

119 1806 241 1892 ἐμαυτῷ
256 1801 317 1890 την
341 1803 490 1870 ἐναντάιν
514 1804 656 1882 πεισθεδς
676 1801 811 1891 εἱλόμην.
847 1808 900 1891 ἐφ’
917 1799 963 1881 οἷς
988 1807 1023 1870 δὲ
1047 1802 1118 1875 νυνό
1142 1827 1215 1868 σκο-

92 1907 252 1986 ι5ποόμεν,
281 1904 420 1986 μάλιστα
434 1907 495 1986 μὲν
511 1895 556 1971 ὧν
580 1903 672 1986 ύμεϊς
688 1903 899 1987 βουλεύεσθε,
928 1897 1147 1988 ἀποσχέσθαι,
1160 1895 1213 1977 ,τόν

120 2004 148 2065 δ’
168 2004 241 2085 ἐμοὶ
265 2005 370 2084 δοκεῖ,
404 2005 472 2068 δεῖν
502 2003 638 2088 ἔχεσθαι
664 2001 782 2084 νομίζω
811 2007 933 2070 πολλῶν
958 2005 1060 2068 όνεκεν
1092 2002 1213 2079 αἰτιῶν.

119 2105 316 2190 πρῶτονμὲν
334 2101 393 2190 γάρ
416 2103 451 2168 τὸ
466 2113 562 2190 χεῖρα
576 2105 712 2187 ,κινῆσαι
737 2101 818 2169 κατά
832 2105 989 2186 βασιλέως
1007 2105 1063 2168 καί
1085 2101 1129 2190 τῷ
1145 2099 1211 2188 θεῷ

118 2206 345 2289 κεχρισμένου,
383 2202 439 2268 καὶ
463 2203 623 2290 σωτηρίαν
653 2197 867 2291 ἀποστερῆσαι
892 2203 1017 2286 ψυχῆς,
1056 2202 1093 2266 ού
1117 2199 1214 2282 μόνον

119 2303 213 2389 πόσης
228 2305 265 2370 όν
284 2297 465 2389 άνθροόποις
490 2303 701 2390 ἀπεστέρηται
725 2303 911 2388 συγγνώμης
918 2353 928 2384 ,
959 2300 1039 2368 ἀλλὰ
1056 2298 1111 2367 καὶ
1126 2299 1211 2386 παρά

86 2405 177 2491 τοδτηῑ
192 2401 250 2480 τάς
265 2402 406 2488 ἐσχάτας
428 2405 493 2469 ταῖν
512 2403 662 2482 τοιούτων
678 2402 778 2491 ἔργων
794 2403 991 2485 πεπειόμεθα
1012 2407 1141 2466 κεῖσθαι
1156 2399 1214 2480 τάς

119 2495 294 2580 άντιδάσεις.
315 2501 425 2568 ἔπειτα
443 2505 496 2586 δὲ,
518 2502 593 2568 ούδὲ
611 2507 706 2569 τοῦτο
724 2505 759 2582 ἐξ
781 2497 882 2588 άρχῆς
903 2499 1109 2585 ύπεθέμεβα,
1130 2495 1212 2566 ὥστε

568 2601 797 2687 ἕγκαθιδρύσσι
816 2609 881 2676 τοῖς
895 2601 1021 2688 θρόνοις
1042 2603 1105 2667 τάν
1118 2605 1247 2683 βασι-(Ξ

119 2703 201 2766 λέων·
222 2699 305 2766 etet
327 2702 424 2768 πολύν
447 2700 593 2768 πινυτὸν
611 2701 733 2768 δικιιάοο
752 2703 932 2783 πωούμενοι
948 2699 1038 2786 λόγον
1044 2751 1056 2784 ,
1077 2697 1211 2783 άμύνειν

180 2823 205 2876 3.
223 2819 374 2877 annover.
396 2822 468 2894 Lege
487 2821 662 2876 δποσονοόν.

117 2943 221 2996 anuum
235 2959 297 2998 esse
312 2948 451 3012 oporteret
475 2955 527 2996 nec
542 2943 594 2993 scis
613 2941 657 2994 vel
673 2957 729 2994 uno
747 2941 876 3011 temporis
889 2947 992 3012 puncto
1007 2952 1096 2992 rerum
1118 2939 1208 3012 pluri-

117 3029 212 3068 marum
234 3015 461 3068 commutationes
478 3013 567 3064 solere
587 3012 654 3064 fieri.
690 3009 802 3064 Adhaee
821 3029 932 3081 magnus
951 3011 1130 3064 domesticus:
1152 3011 1208 3080 ligo

117 3097 175 3138 veto
188 3085 344 3140 mortalium
360 3083 448 3136 adhuc
461 3083 584 3146 nullum,
610 3082 705 3134 saltem
722 3082 864 3152 paululum
878 3089 972 3135 mente
993 3081 1143 3144 valentem,
1169 3083 1209 3134 ita

117 3165 272 3225 perpetuam
287 3159 317 3208 in
337 3155 424 3224 prima
434 3155 527 3224 aliqua
545 3154 685 3206 voluntate
704 3154 924 3222 permansionem
943 3151 1056 3206 sibimet
1074 3151 1208 3204 indixisse

118 3227 208 3290 eredo,
227 3236 260 3280 ut
276 3243 334 3278 earn
349 3233 457 3296 postea,
473 3227 580 3276 tametsi
596 3221 710 3276 meliors
728 3241 760 3276 se
773 3227 918 3288 offerrent,
948 3225 1093 3278 immutare
1113 3223 1207 3276 detre-

117 3301 231 3350 ctaverit
270 3297 310 3350 Te
325 3314 435 3368 quoque
452 3300 541 3366 ipsum
555 3295 674 3348 arbitror
685 3312 741 3348 non
759 3295 883 3364 potuisse
900 3301 955 3348 tam
973 3293 1119 3348 immodice
1137 3293 1208 3348 milri

117 3369 268 3434 convitiari,
287 3375 335 3422 aut
353 3368 387 3420 de
405 3367 487 3420 rebus
513 3367 582 3422 adeo
607 3365 748 3418 commode
774 3381 884 3418 acuere
914 3366 1010 3438 loqui,
1031 3365 1085 3418 nisi
1103 3367 1208 3436 pariter

117 3453 216 3492 meeum
234 3441 356 3494 sentires.
394 3438 513 3494 Tantum
531 3445 621 3490 autem
634 3437 668 3496 ab
687 3437 736 3491 illo
755 3435 838 3500 disto,
896 3453 938 3489 em
953 3445 983 3492 tu
1002 3453 1045 3489 me
1063 3436 1207 3499 describis,

117 3517 146 3560 nt
163 3517 216 3562 tam
231 3512 262 3563 in
280 3509 419 3581 publicis,
446 3526 526 3580 quam
544 3509 658 3579 privatis
677 3505 938 3570 delibemtionrbus,
963 3524 1024 3560 cum
1042 3508 1208 3562 sententiam

116 3579 294 3646 prohabilem,
314 3588 342 3632 et
361 3583 401 3632 rel
418 3583 575 3650 propositae
592 3581 741 3632 utilitatem
760 3580 894 3648 opinione
907 3595 969 3630 mea
985 3580 1101 3632 maxime
1119 3581 1206 3630 attin-

117 3658 218 3717 genten
236 3667 431 3723 saepenumero
450 3652 632 3720 protulissem,
650 3649 752 3702 deinde
771 3646 821 3702 nbi
840 3649 874 3702 ad
892 3651 961 3702 faeta
982 3657 1093 3702 ventum
1112 3649 1208 3713 fuerit,

117 3727 161 3772 aut
176 3721 208 3774 ab
224 3723 298 3786 alio,
326 3739 407 3794 quem
438 3723 527 3774 minus
551 3721 714 3792 prudentem
732 3719 900 3784 iudiearem,
926 3728 973 3774 aut
990 3737 1005 3771 n
1023 3727 1123 3772 memet
1139 3736 1207 3790 per·

119 3805 219 3856 suasus,
237 3796 266 3846 in
288 3793 342 3846 alia
365 3793 456 3846 omnis
481 3791 659 3845 discesserim.
697 3791 728 3844 In
757 3789 810 3844 hoo
833 3799 923 3842 sutem
941 3792 1068 3860 negotio,
1094 3789 1207 3860 dequo
1316 3791 1320 3802 ’

118 3876 185 3914 nune
202 3863 402 3935 disceptamus,
418 3881 474 3918 non
493 3881 562 3935 quae
579 3863 667 3927 vobis,
686 3861 734 3915 sed
747 3879 817 3932 quae
835 3860 904 3914 mihi
922 3860 1068 3924 videntur,
1084 3859 1206 3931 proban·
1243 3905 1246 3914 .

119 3929 149 3981 da
170 3936 309 4000 existimo,
336 3935 421 4005 idque
447 3935 574 4004 pluribus
600 3933 635 3988 de
663 3934 758 3986 esuris.
803 3933 921 3984 Primum
947 3932 1021 3984 enim
1051 3945 1147 3982 manns
1175 3931 1207 3986 in

118 3999 301 4072 inperatorem
320 4014 348 4058 et
365 4013 478 4058 unctum
495 4005 607 4058 Domini
631 4005 764 4066 iniicere,
793 4004 876 4072 eique
893 4001 1009 4054 unimam
1027 4002 1205 4122 estinpuere,

117 4087 168 4124 non
185 4076 257 4144 apud
275 4076 399 4130 homines
416 4076 504 4128 solnm
542 4077 682 4128 universos
700 4075 781 4126 venia
799 4081 889 4135 caret,
908 4070 974 4134 sed,
995 4072 1037 4124 uti
1055 4087 1098 4123 ere
1118 4072 1203 4136 imus,

118 4144 192 4196 etiam
210 4163 226 4196 a
246 4147 303 4200 Deo
321 4147 477 4200 huiusmodi
496 4147 617 4198 facinora
636 4145 811 4198 acerbissima
829 4142 955 4196 mercede
972 4150 1128 4212 pensantur.
1147 4143 1205 4196 De-

118 4209 176 4266 inde
195 4231 251 4268 non
268 4219 338 4270 istuc
358 4219 438 4270 nobis
455 4235 471 4270 a
488 4217 626 4288 principio
644 4217 854 4286 proposuimus,
878 4223 909 4268 ut
926 4213 1040 4266 alterum
1058 4214 1205 4282 imperoto-

118 4297 170 4336 τω
185 4287 391 4356 recitaremus,
408 4290 525 4344 alterum
541 4289 572 4342 in
591 4289 663 4342 solio
678 4288 887 4346 collocaremus:
906 4283 956 4342 sed
972 4283 1092 4346 sollicito
1110 4282 1145 4338 ad
1161 4285 1205 4342 iu·
