3128 4922
336 311 388 366 22
736 288 1018 374 CANthttziiM

188 475 251 532 tc.
264 481 329 534 sino
337 487 400 528 των
416 463 635 550 ἐμπλησθῆναι
650 459 705 528 καί
728 461 879 550 φιλικῶη
904 459 958 525 καί
971 460 1014 526 {ei
1034 457 1199 546 λεηλασίοις
1213 457 1268 525 καί
1284 458 1427 546 πραγμύ-

335 587 400 628 των
419 561 561 650 φθορὰς,
594 563 629 628 έν
653 555 704 639 αἷς
725 561 964 649 διαφθερούμεν
987 559 1045 646 τὴν
1069 559 1185 626 οἰκείαν
1207 559 1250 638 oie
1266 557 1429 641 πολεμίαν.

335 661 373 728 τί
385 651 443 726 σύν
459 653 499 727 ιῖν
521 687 570 739 τις
584 659 792 744 βουλεύσαιτο
813 659 892 748 πρὸς
908 655 1065 748 τοσαύτην
1088 651 1331 724 ἀνακύπτουσαν
1350 659 1428 741 ’βλύ-

336 785 415 846 στην
431 760 534 826 κακῶν
543 789 552 838 ;
577 757 613 824 rs*
629 759 763 846 μὲνγὰρ
781 758 837 825 τὸν
855 764 924 828 νέον
941 761 1074 845 βασιλέα
1097 761 1249 848 περιϊδεῖν
1270 753 1371 835 οὕτως
1394 757 1430 835 ἐξ

336 859 486 943 οὐδεμιᾶς
510 857 614 937 αἴτίας
637 863 933 948 προπηλακισθέντα
954 859 1010 926 καί
1031 856 1091 946 τὴν
1113 856 1277 944 βασιλείαν
1292 852 1449 945 ἄραρε-5

336 961 436 1026 θέντα
445 1011 456 1042 ,
480 955 557 1037 ἴσως
576 962 612 1026 δέ
629 957 685 1024 καί
699 959 773 1046 περί
786 958 821 1026 τὸ
840 963 897 1045 ζῆν
924 951 1186 1044 κινδυνεύσοντα,
1209 957 1304 1024 ritu
1323 953 1431 1038 ἔμοιγε

335 1051 431 1143 ἦττον
446 1057 606 1125 θανάτου·
634 1059 670 1126 τὸ
685 1064 716 1126 δ’
740 1050 893 1126 adustio
914 1060 974 1148 πρὸ
1001 1063 1059 1126 τοῦ
1074 1058 1285 1148 προσήκοντος
1307 1056 1430 1143 χρόνον

340 1157 418 1246 πρὸς
440 1158 574 1244 πόλεμον
597 1155 742 1245 ἑτοίμους
766 1155 927 1249 ὄφθῆναι,
961 1161 1125 1240 ὦςδοκεΐν
1147 1159 1289 1239 καὶτοῖς
1312 1155 1432 1240 ἔξωθεν

310 1255 461 1336 (ἰαύτούς
478 1261 563 1346 ἡμᾶς
579 1261 756 1347 ἐξεπίτηδες
775 1259 833 1327 τόν
855 1265 989 1346 βασιλέα
1005 1261 1172 1354 παρσρμᾷν
1186 1259 1267 1350 πρδς
1291 1253 1432 1328 ἆποστα..

334 1361 409 1427 σίαν
426 1361 486 1426 τοῦ
501 1358 629 1427 πύππου
646 1361 702 1428 καί
714 1365 889 1448 βασιλέως,
920 1359 1072 1450 ἀβουλίας
1089 1357 1176 1429 εἶναί
1191 1387 1248 1447 μοι
1271 1363 1362 1428 δοκεῖ
1371 1361 1474 1446 τῆςιο

335 1460 483 1546 ἐσχάτης.
513 1461 575 1546 έγιύ
595 1465 655 1550 γὰρ
680 1464 834 1529 τοσούτου
860 1465 923 1532 δέω
939 1463 1018 1552 πρὸς
1039 1457 1235 1532 ἀποστασίαν
1259 1463 1318 1528 τοῦ
1337 1467 1433 1546 βασι..

334 1563 414 1638 λέως
430 1558 487 1626 τὸν
511 1558 636 1646 ἔγγονον
654 1557 755 1629 αύτού
772 1561 828 1629 καί
851 1569 986 1648 βασιλέα
1010 1573 1212 1651 παρακινεῖν,
1237 1557 1335 1646 εἴστι,
1362 1565 1434 1628 καί.

335 1686 385 1728 τοι
400 1663 513 1727 τοῦτον
530 1660 612 1729 πάνυ
630 1664 732 1751 φιλῶν
752 1662 809 1728 καί
813 1717 823 1748 ,
850 1665 894 1742 ὥς
910 1663 1003 1756 δρᾷς,
1022 1667 1147 1748 ἕτοιμος
1164 1657 1208 1730 (δν
1223 1663 1279 1730 καί
1293 1661 1351 1752 τὴν
1365 1659 1435 1746 ψυ-Ι

334 1761 399 1848 χὴν
415 1761 516 1848 αύτῆν
535 1762 613 1848 ύπὲρ
632 1757 732 1827 αύτοῦ
741 1765 916 1852 προέσθαι,
937 1759 977 1832 εύ
991 1767 1060 1834 ἴσθι
1076 1766 1197 1854 σαφῶς,
1215 1763 1273 1828 ούκ
1289 1757 1328 1830 iv
1344 1757 1436 1852 αύτῷ

337 1865 517 1950 συνέπραξα
539 1863 619 1952 πρὸς
638 1855 749 1948 ούδὲν,
775 1865 838 1950 εἴγε
854 1869 911 1954 τῆς
935 1861 1036 1956 ἇρχῆς
1053 1858 1154 1932 adria
1178 1861 1287 1952 ἑώρων
1310 1858 1475 1952 neoto-¹5

336 1961 496 2048 μυύμενον
517 1956 731 2049 ἀποστερῆσαι
752 1965 809 2034 τὸν
833 1971 967 2053 βασιλέα
983 1967 1183 2058 χρησάμενον
1197 1967 1356 2058 πλεονεξιξι
1380 1961 1439 2030 καί

338 2061 475 2150 ἁρπαγῇ.
506 2052 545 2146 ἦν
560 2060 618 2148 γὰρ
637 2053 676 2127 dv
691 2065 808 2145 ἐκεῖνος
823 2073 884 2149 μὲν
901 2065 996 2136 ούδδν
1020 2071 1183 2157 διαφέρων
1207 2063 1437 2152 Ἀβεσσαλώμ,

304 2159 517 2250 Ῐ)Ἀχιτύφελ
533 2160 642 2246 δ’έγυύ.
658 2170 828 2255 τοιγαροῦν
843 2171 1007 2258 ἐπειδήπερ
1024 2171 1070 2250 εἰς
1085 2167 1236 2256 τοιαύτην
1252 2167 1438 2256 συνηλύθη.

336 2287 397 2344 μιν
413 2257 549 2349 ύνοῖγκην
564 2265 765 2352 πραγμάτων,
783 2272 849 2334 δεῖν
864 2266 947 2338 εἶναι
962 2269 1081 2356 νομίζω
1096 2270 1133 2337 τὸ
1149 2275 1247 2355 μέσον
1255 2266 1438 2356 ἑλομένους,

337 2358 496 2450 ἑκατέρων
513 2358 714 2449 inungendos
728 2371 792 2436 τῶν
815 2362 937 2458 ἔκροον,
962 2371 1018 2439 καί
1037 2374 1113 2460 μήτ’
1128 2368 1252 2457 ἆμελῶς
1274 2371 1357 2438 πάνυ
1382 2369 1478 2466 καίεο

339 2461 496 2552 ῥᾳθύμως
525 2465 661 2551 διάγειν,
690 2467 736 2546 ούς
759 2469 896 2555 μηδενὸς
918 2475 1181 2559 προσδοκωμένου
1206 2473 1329 2557 δεινοῦ,
1359 2469 1439 2558 μήτ’

249 2553 282 2608 V·
297 2553 387 2627 1δαύ
400 2565 495 2628 πάλιν
510 2564 745 2650 ἀπερισκέπτως
768 2566 854 2636 ούτω
872 2571 928 2637 καί
946 2577 1093 2659 θρασέως
1108 2573 1149 2640 τὰ
1172 2576 1328 2640 δοκοῦντα
1352 2599 1439 2656 συμ-

336 2661 478 2749 φέροντα
493 2665 652 2751 πράττειν.
686 2671 836 2737 τοῦτοδὲ
858 2665 1048 2758 γένοιθύν,
1081 2669 1146 2760 εἴγε
1174 2672 1235 2760 την
1260 2677 1321 2758 μέν
1337 2697 1440 2762 προσ-

408 2801 447 2855 17.
464 2777 655 2861 Ἆβεσσαλέιμ.
673 2791 736 2861 lteg.
753 2793 786 2845 Π.
803 2793 841 2848 15.
859 2809 917 2866 sqq.
934 2793 995 2850 ΕΙ).
1005 2793 1036 2852 Ρ.

334 2907 485 2976 vastitates,
503 2911 604 2982 quibus
620 2920 719 2966 terram
733 2922 852 2970 nostram
862 2916 980 2985 perinde
992 2924 1024 2971 ut
1034 2913 1164 2970 hostilem
1179 2915 1318 2988 regionem
1338 2913 1437 2971 defor-

334 2977 479 3038 mabimus.
510 2981 587 3051 QuId
602 3001 664 3054 ergo
680 2984 807 3039 adversus
825 2997 996 3041 enascentem
1013 2996 1068 3040 tum
1080 2989 1227 3042 multorum
1247 2985 1439 3040 incommodo-

336 3065 396 3100 rum
407 3054 586 3123 propaginem
602 3056 717 3109 remedii
733 3057 1046 3128 excogitabimusiiiihi
1061 3077 1124 3112 saue
1135 3061 1271 3112 iuniorem
1286 3060 1439 3128 imperato-

336 3135 393 3172 rem
408 3124 484 3176 nulia
505 3142 552 3177 sua
568 3126 716 3196 culpatam
736 3130 918 3198 ignominiose
933 3129 1071 3195 habitum,
1097 3139 1201 3184 etcum
1222 3132 1339 3199 imperio
1353 3131 1439 3182 vitam

335 3207 447 3261 (proque
461 3197 547 3264 ipsum
561 3197 674 3251 fortasse
691 3201 850 3254 amissurum
865 3203 1016 3272 negligere,
1032 3203 1128 3255 mortis
1143 3203 1228 3254 inetur
1243 3208 1293 3254 est.
1322 3203 1439 3254 Rursum

335 3269 399 3314 aute
418 3271 524 3334 tempus
542 3268 575 3320 ad
592 3269 695 3322 bellurn
710 3279 876 3340 comparatos
892 3290 1040 3342 apparere,
1065 3280 1097 3324 ut
1109 3271 1143 3326 ab
1158 3274 1258 3326 exteris
1274 3288 1385 3342 quoque
1402 3271 1439 3324 de

336 3343 476 3402 compecto
492 3348 620 3408 nepotem
642 3340 677 3393 ad
690 3341 874 3396 deiectionem
894 3343 996 3396 abavo
1018 3345 1166 3398 sollicitare
1180 3345 1382 3408 existimemur,
1408 3341 1440 3394 id

336 3419 386 3473 ego
407 3405 436 3456 iu
453 3424 555 3461 summa
570 3414 724 3466 temeritate
744 3430 872 3478 numero,
904 3421 933 3468 et
948 3415 982 3466 ab
997 3433 1028 3468 ea
1042 3423 1135 3468 mente
1155 3423 1260 3470 tautum
1273 3413 1385 3476 absum,
1406 3419 1440 3465 ut

336 3477 1439 3560 quamvisadoiesceutemvaldeamemetutvides.ipsumiusupercorpusmeum
1539 3507 1540 3522 ι

337 3561 397 3596 erus
411 3564 489 3602 eausa
500 3553 634 3620 proiieere
647 3571 704 3608 uon
720 3573 850 3619 recusem,
864 3564 963 3618 tumen,
977 3555 1045 3609 mihi
1059 3557 1148 3620 crede,
1167 3575 1224 3610 uon
1236 3559 1262 3610 ei
1273 3573 1315 3608 me
1330 3555 1436 3622 uspiam

336 3615 489 3672 adiutorem
503 3640 534 3674 ae
552 3627 654 3678 socium
673 3626 852 3695 praeberem,
874 3629 896 3680 si
910 3627 944 3680 ad
961 3644 1038 3680 avum
1057 3629 1212 3698 principatu
1232 3645 1281 3698 per
1295 3627 1435 3678 avaritiam

337 3694 367 3740 et
382 3691 488 3758 rapinae
502 3693 696 3763 depellendum
713 3699 871 3750 incumbere
882 3699 1131 3752 animadverterem.
1157 3699 1203 3754 Sic
1213 3701 1286 3752 enim
1303 3699 1363 3766 ipse
1376 3695 1435 3748 Ab·

336 3759 472 3826 solonem,
494 3782 543 3834 ego
558 3765 768 3836 riehitopirelem
785 3769 936 3822 induerem.
983 3769 1119 3839 Quoniam
1138 3773 1222 3841 igitur
1245 3769 1273 3822 iu
1290 3769 1368 3821 istam
1382 3785 1435 3820 ne·

337 3833 491 3886 cessitatem
511 3837 687 3900 ‹levenimus,
719 3839 752 3892 ad
765 3840 886 3892 officium
907 3841 1046 3910 pertinere
1063 3842 1173 3904 iudico,
1196 3841 1289 3894 vitatis
1307 3837 1435 3892 extremis

336 3900 366 3954 in
380 3903 471 3956 medio
489 3909 653 3969 consistere,
673 3917 701 3961 et
713 3927 804 3984 neqrre
818 3929 955 3965 securene
971 3911 1109 3966 desidiose
1120 3915 1203 3966 vitam
1219 3911 1343 3974 transire,
1357 3909 1434 3980 quasi

233 3999 240 4009 -
335 3970 408 4024 uihii
419 3993 499 4050 grave
512 3979 712 4032 formidandum
729 3984 775 4046 sit,
792 4000 883 4053 neque
898 3983 936 4036 ita
953 3983 1155 4038 inconsiderate
1169 3993 1197 4037 et
1212 3981 1348 4044 audacter,
1365 3997 1434 4050 quae

336 4043 417 4095 utilia
434 4047 593 4114 videantur,
614 4053 753 4121 persequi.
795 4053 827 4106 Id
843 4071 1055 4126 consequemur,
1085 4057 1108 4109 si
1129 4055 1284 4108 imminenti
1302 4052 1433 4106 tentatio-

336 4127 402 4164 num
416 4117 537 4174 flammae
552 4123 661 4174 consilii
677 4121 839 4192 prudentia,
858 4134 989 4194 quantum
1005 4127 1034 4178 iu
1049 4127 1130 4178 nobis
1146 4135 1204 4190 est,
1229 4122 1434 4182 occurrerimus,

336 4181 520 4258 iuvenemque
535 4191 725 4261 imperatorem
741 4195 771 4246 iu
787 4203 849 4249 tuto
864 4205 945 4266 portu
963 4197 1201 4258 constituerimus,
1227 4202 1260 4246 ut
1274 4193 1341 4246 lieet
1353 4192 1433 4244 vastis

336 4253 462 4330 undique
471 4259 601 4318 fluctibus
612 4280 686 4321 mare
697 4265 829 4337 agitetur,
849 4269 936 4324 omnis
948 4265 1064 4340 periculi
1076 4269 1175 4324 timore
1188 4269 1273 4322 vacet·
1314 4261 1396 4333 Quod
1410 4261 1433 4314 εἰ
