<?xml version="1.0" encoding="UTF-8"?>
<!DOCTYPE html PUBLIC "-//W3C//DTD XHTML 1.0 Transitional//EN"
    "http://www.w3.org/TR/xhtml1/DTD/xhtml1-transitional.dtd">
<html xmlns="http://www.w3.org/1999/xhtml" xml:lang="en" lang="en">
 <head>
  <title>
</title>
<meta http-equiv="Content-Type" content="text/html;charset=utf-8" />
  <meta name='ocr-system' content='tesseract 3.04.00' />
  <meta name='ocr-capabilities' content='ocr_page ocr_carea ocr_par ocr_line ocrx_word'/>
</head>
<body>
  <div class='ocr_page' id='page_1' title='image "./ioanniscantacuz01niebgoog_0272.png"; bbox 0 0 3056 4922; ppageno 0'>
   <div class='ocr_carea' id='block_1_1' title="bbox 432 241 1190 340">
    <p class='ocr_par' dir='ltr' id='par_1_1' title="bbox 432 241 1190 340">
     <span class='ocr_line' id='line_1_1' title="bbox 432 241 1190 340; baseline -0.008 -7"><span class='ocrx_word' id='word_1_1' title='bbox 432 267 716 334; x_wconf 75' lang='lat' dir='ltr'><strong>maronianum</strong></span> <span class='ocrx_word' id='word_1_2' title='bbox 747 272 774 334; x_wconf 90' lang='grc' dir='ltr'><strong><em>ι.</em></strong></span> <span class='ocrx_word' id='word_1_3' title='bbox 803 271 856 340; x_wconf 82' lang='grc' dir='ltr'><strong><em>ιο.</em></strong></span> <span class='ocrx_word' id='word_1_4' title='bbox 1107 241 1190 328; x_wconf 80' lang='lat'><strong><em>225</em></strong></span> 
     </span>
    </p>
   </div>
   <div class='ocr_carea' id='block_1_2' title="bbox 67 410 1337 4145">
    <p class='ocr_par' dir='ltr' id='par_1_2' title="bbox 67 410 1337 4145">
     <span class='ocr_line' id='line_1_2' title="bbox 117 410 1337 510; baseline 0.003 -24"><span class='ocrx_word' id='word_1_5' title='bbox 117 419 242 498; x_wconf 66' lang='lat' dir='ltr'><strong>sistarcia</strong></span> <span class='ocrx_word' id='word_1_6' title='bbox 267 410 353 506; x_wconf 80' lang='grc' dir='ltr'><strong><em>άλγιῦ</em></strong></span> <span class='ocrx_word' id='word_1_7' title='bbox 362 465 373 486; x_wconf 90' lang='grc'><strong>.</strong></span> <span class='ocrx_word' id='word_1_8' title='bbox 413 418 470 486; x_wconf 77' lang='grc' dir='ltr'><strong><em>διά</em></strong></span> <span class='ocrx_word' id='word_1_9' title='bbox 487 425 584 488; x_wconf 86' lang='grc' dir='ltr'><strong><em>τοῦτο</em></strong></span> <span class='ocrx_word' id='word_1_10' title='bbox 600 421 658 488; x_wconf 73' lang='lat' dir='ltr'><strong>aas*</strong></span> <span class='ocrx_word' id='word_1_11' title='bbox 671 420 819 507; x_wconf 78' lang='grc' dir='ltr'><strong><em>δεόμενος</em></strong></span> <span class='ocrx_word' id='word_1_12' title='bbox 835 423 893 509; x_wconf 79' lang='grc' dir='ltr'><strong><em>τῆς</em></strong></span> <span class='ocrx_word' id='word_1_13' title='bbox 922 420 1261 509; x_wconf 61' lang='grc' dir='ltr'><strong><em>ῦμῦνάγιότηεοςλῖ.</em></strong></span> <span class='ocrx_word' id='word_1_14' title='bbox 1272 437 1337 510; x_wconf 77' lang='lat'><strong><em>¹3²7</em></strong></span> 
     </span>
     <span class='ocr_line' id='line_1_3' title="bbox 114 519 1218 610; baseline 0.005 -26"><span class='ocrx_word' id='word_1_15' title='bbox 114 519 233 607; x_wconf 85' lang='grc' dir='ltr'><strong><em>γράφω,</em></strong></span> <span class='ocrx_word' id='word_1_16' title='bbox 261 519 323 604; x_wconf 81' lang='grc' dir='ltr'><strong><em>εἴγε</em></strong></span> <span class='ocrx_word' id='word_1_17' title='bbox 339 521 399 588; x_wconf 88' lang='grc' dir='ltr'><strong><em>τοῦ</em></strong></span> <span class='ocrx_word' id='word_1_18' title='bbox 414 525 493 608; x_wconf 90' lang='grc' dir='ltr'><strong><em>θεοῦ</em></strong></span> <span class='ocrx_word' id='word_1_19' title='bbox 514 525 582 588; x_wconf 85' lang='grc' dir='ltr'><strong><em>ἐστε</em></strong></span> <span class='ocrx_word' id='word_1_20' title='bbox 598 521 710 606; x_wconf 84' lang='grc' dir='ltr'><strong><em>ῦμεῖς,</em></strong></span> <span class='ocrx_word' id='word_1_21' title='bbox 740 521 921 590; x_wconf 80' lang='grc' dir='ltr'><strong><em>σπουδάσαι</em></strong></span> <span class='ocrx_word' id='word_1_22' title='bbox 935 522 1016 610; x_wconf 77' lang='grc' dir='ltr'><strong><em>ῦπλρ</em></strong></span> <span class='ocrx_word' id='word_1_23' title='bbox 1035 526 1092 609; x_wconf 84' lang='grc' dir='ltr'><strong><em>τῆς</em></strong></span> <span class='ocrx_word' id='word_1_24' title='bbox 1106 521 1218 610; x_wconf 73' lang='grc' dir='ltr'><strong><em>εἷρπ’-,Β</em></strong></span> 
     </span>
     <span class='ocr_line' id='line_1_4' title="bbox 114 617 1191 711; baseline 0.006 -30"><span class='ocrx_word' id='word_1_25' title='bbox 114 645 161 706; x_wconf 68' lang='lat' dir='ltr'><strong>tac</strong></span> <span class='ocrx_word' id='word_1_26' title='bbox 182 623 233 686; x_wconf 78' lang='grc' dir='ltr'><strong><em>κατ’</em></strong></span> <span class='ocrx_word' id='word_1_27' title='bbox 251 617 296 705; x_wconf 72' lang='grc' dir='ltr'><strong><em>μὴ</em></strong></span> <span class='ocrx_word' id='word_1_28' title='bbox 319 623 473 708; x_wconf 79' lang='grc' dir='ltr'><strong><em>περιϊδεῖν</em></strong></span> <span class='ocrx_word' id='word_1_29' title='bbox 493 621 578 707; x_wconf 78' lang='grc' dir='ltr'><strong><em>ἡμᾶς</em></strong></span> <span class='ocrx_word' id='word_1_30' title='bbox 595 631 660 700; x_wconf 86' lang='grc' dir='ltr'><strong><em>τοῖς</em></strong></span> <span class='ocrx_word' id='word_1_31' title='bbox 682 621 857 711; x_wconf 73' lang='grc' dir='ltr'><em>ὁμοφύλοις</em></span> <span class='ocrx_word' id='word_1_32' title='bbox 881 625 996 705; x_wconf 77' lang='grc' dir='ltr'><strong><em>αἵμασι</em></strong></span> <span class='ocrx_word' id='word_1_33' title='bbox 1011 648 1191 708; x_wconf 84' lang='grc' dir='ltr'><strong><em>καταχραν-</em></strong></span> 
     </span>
     <span class='ocr_line' id='line_1_5' title="bbox 113 713 1190 808; baseline 0 -22"><span class='ocrx_word' id='word_1_34' title='bbox 113 722 234 802; x_wconf 88' lang='grc' dir='ltr'><strong><em>θέντας,</em></strong></span> <span class='ocrx_word' id='word_1_35' title='bbox 262 720 331 784; x_wconf 78' lang='grc' dir='ltr'><strong><em>ἄλλ’</em></strong></span> <span class='ocrx_word' id='word_1_36' title='bbox 345 713 367 804; x_wconf 76' lang='grc' dir='ltr'><em>ἢ</em></span> <span class='ocrx_word' id='word_1_37' title='bbox 381 730 488 786; x_wconf 89' lang='grc' dir='ltr'><strong><em>πεῖσαι</em></strong></span> <span class='ocrx_word' id='word_1_38' title='bbox 510 723 646 803; x_wconf 79' lang='grc' dir='ltr'><strong><em>βασιλέα</em></strong></span> <span class='ocrx_word' id='word_1_39' title='bbox 661 719 738 805; x_wconf 86' lang='grc' dir='ltr'><strong><em>πρός</em></strong></span> <span class='ocrx_word' id='word_1_40' title='bbox 753 719 839 804; x_wconf 86' lang='grc' dir='ltr'><strong><em>ῦμῦς</em></strong></span> <span class='ocrx_word' id='word_1_41' title='bbox 856 723 913 804; x_wconf 79' lang='grc' dir='ltr'><strong><em>ἐμὲ</em></strong></span> <span class='ocrx_word' id='word_1_42' title='bbox 927 717 1090 806; x_wconf 88' lang='grc' dir='ltr'><strong><em>γενόμενον</em></strong></span> <span class='ocrx_word' id='word_1_43' title='bbox 1111 721 1190 808; x_wconf 82' lang='grc' dir='ltr'><strong><em>ῦπέρ</em></strong></span> 
     </span>
     <span class='ocr_line' id='line_1_6' title="bbox 96 809 1190 905; baseline 0.004 -23"><span class='ocrx_word' id='word_1_44' title='bbox 96 809 151 891; x_wconf 80' lang='grc' dir='ltr'><strong><em>5άν</em></strong></span> <span class='ocrx_word' id='word_1_45' title='bbox 169 819 358 902; x_wconf 75' lang='grc' dir='ltr'><strong><em>ἐγκαλοῦμαι</em></strong></span> <span class='ocrx_word' id='word_1_46' title='bbox 381 815 473 902; x_wconf 90' lang='grc' dir='ltr'><strong><em>λόγον</em></strong></span> <span class='ocrx_word' id='word_1_47' title='bbox 495 819 664 903; x_wconf 83' lang='grc' dir='ltr'><strong><em>ῦποσχεῖν,</em></strong></span> <span class='ocrx_word' id='word_1_48' title='bbox 685 814 706 905; x_wconf 79' lang='grc' dir='ltr'><em>ἢ</em></span> <span class='ocrx_word' id='word_1_49' title='bbox 724 824 867 886; x_wconf 83' lang='grc' dir='ltr'><strong><em>ἐνταῦθα</em></strong></span> <span class='ocrx_word' id='word_1_50' title='bbox 886 822 1060 904; x_wconf 86' lang='grc' dir='ltr'><strong><em>γενομένων</em></strong></span> <span class='ocrx_word' id='word_1_51' title='bbox 1085 819 1190 902; x_wconf 84' lang='grc' dir='ltr'><strong><em>ῦμιῦν,</em></strong></span> 
     </span>
     <span class='ocr_line' id='line_1_7' title="bbox 111 912 1192 1003; baseline 0.004 -23"><span class='ocrx_word' id='word_1_52' title='bbox 111 915 182 1003; x_wconf 81' lang='grc' dir='ltr'><strong><em>ῦπέρ</em></strong></span> <span class='ocrx_word' id='word_1_53' title='bbox 203 921 264 984; x_wconf 77' lang='grc' dir='ltr'><strong><em>τοῖν</em></strong></span> <span class='ocrx_word' id='word_1_54' title='bbox 289 915 368 984; x_wconf 78' lang='grc' dir='ltr'><strong><em>ἴσαν</em></strong></span> <span class='ocrx_word' id='word_1_55' title='bbox 390 915 447 1003; x_wconf 77' lang='grc' dir='ltr'><strong><em>τὴν</em></strong></span> <span class='ocrx_word' id='word_1_56' title='bbox 468 912 639 1003; x_wconf 80' lang='grc' dir='ltr'><strong><em>άπολογέαν</em></strong></span> <span class='ocrx_word' id='word_1_57' title='bbox 658 923 807 987; x_wconf 83' lang='grc' dir='ltr'><strong><em>θέσθαι.”</em></strong></span> <span class='ocrx_word' id='word_1_58' title='bbox 853 923 996 986; x_wconf 81' lang='grc' dir='ltr'><strong><em>Τοσαῦτα</em></strong></span> <span class='ocrx_word' id='word_1_59' title='bbox 1018 921 1078 1002; x_wconf 81' lang='grc' dir='ltr'><strong><em>μέν</em></strong></span> <span class='ocrx_word' id='word_1_60' title='bbox 1097 923 1192 1003; x_wconf 82' lang='grc' dir='ltr'><strong><em>βασι-</em></strong></span> 
     </span>
     <span class='ocr_line' id='line_1_8' title="bbox 110 1013 1192 1104; baseline 0.003 -25"><span class='ocrx_word' id='word_1_61' title='bbox 110 1014 175 1094; x_wconf 86' lang='grc' dir='ltr'><strong><em>λεῦς</em></strong></span> <span class='ocrx_word' id='word_1_62' title='bbox 197 1013 215 1080; x_wconf 85' lang='grc' dir='ltr'><strong><em>ῦ</em></strong></span> <span class='ocrx_word' id='word_1_63' title='bbox 240 1019 311 1092; x_wconf 86' lang='grc' dir='ltr'><strong><em>νέος</em></strong></span> <span class='ocrx_word' id='word_1_64' title='bbox 335 1017 535 1104; x_wconf 79' lang='grc' dir='ltr'><strong><em>πατριάρχου</em></strong></span> <span class='ocrx_word' id='word_1_65' title='bbox 555 1019 610 1084; x_wconf 80' lang='grc' dir='ltr'><strong><em>καὶ</em></strong></span> <span class='ocrx_word' id='word_1_66' title='bbox 632 1022 695 1085; x_wconf 80' lang='grc' dir='ltr'><strong><em>νοῦν</em></strong></span> <span class='ocrx_word' id='word_1_67' title='bbox 724 1013 830 1086; x_wconf 76' lang='grc' dir='ltr'><strong><em>ἄλλων</em></strong></span> <span class='ocrx_word' id='word_1_68' title='bbox 851 1017 997 1102; x_wconf 78' lang='grc' dir='ltr'><strong><em>δεόμενος</em></strong></span> <span class='ocrx_word' id='word_1_69' title='bbox 1015 1019 1192 1104; x_wconf 83' lang='grc' dir='ltr'><strong><em>άρχιερέιαν</em></strong></span> 
     </span>
     <span class='ocr_line' id='line_1_9' title="bbox 109 1109 1193 1206; baseline -0.018 -8"><span class='ocrx_word' id='word_1_70' title='bbox 109 1109 237 1199; x_wconf 59' lang='lat' dir='ltr'><strong>diatim</strong></span> <span class='ocrx_word' id='word_1_71' title='bbox 259 1112 339 1203; x_wconf 75' lang='grc' dir='ltr'><strong><em>ὖιιέρ</em></strong></span> <span class='ocrx_word' id='word_1_72' title='bbox 350 1119 405 1200; x_wconf 83' lang='grc' dir='ltr'><strong><em>τῆς</em></strong></span> <span class='ocrx_word' id='word_1_73' title='bbox 426 1115 561 1204; x_wconf 76' lang='grc' dir='ltr'><strong><em>εἰρήνης,</em></strong></span> <span class='ocrx_word' id='word_1_74' title='bbox 580 1116 604 1182; x_wconf 80' lang='grc' dir='ltr'><strong><em>ά</em></strong></span> <span class='ocrx_word' id='word_1_75' title='bbox 620 1122 676 1184; x_wconf 76' lang='grc' dir='ltr'><strong><em>και·</em></strong></span> <span class='ocrx_word' id='word_1_76' title='bbox 693 1121 802 1206; x_wconf 76' lang='grc' dir='ltr'><strong><em>φέρων</em></strong></span> <span class='ocrx_word' id='word_1_77' title='bbox 820 1117 838 1185; x_wconf 86' lang='lat' dir='ltr'><strong><em>o‘</em></strong></span> <span class='ocrx_word' id='word_1_78' title='bbox 859 1115 1062 1203; x_wconf 80' lang='grc' dir='ltr'><strong><em>διακομιστὴς</em></strong></span> <span class='ocrx_word' id='word_1_79' title='bbox 1076 1114 1193 1198; x_wconf 74' lang='grc' dir='ltr'><strong><em>ἐνεχεί-</em></strong></span> 
     </span>
     <span class='ocr_line' id='line_1_10' title="bbox 109 1211 1194 1305; baseline -0.001 -26"><span class='ocrx_word' id='word_1_80' title='bbox 109 1237 170 1298; x_wconf 88' lang='grc' dir='ltr'><strong><em>ρισε</em></strong></span> <span class='ocrx_word' id='word_1_81' title='bbox 185 1218 228 1304; x_wconf 72' lang='grc' dir='ltr'><strong><em>τῷ</em></strong></span> <span class='ocrx_word' id='word_1_82' title='bbox 243 1213 448 1304; x_wconf 80' lang='grc' dir='ltr'><strong><em>πατριάρχῃ.</em></strong></span> <span class='ocrx_word' id='word_1_83' title='bbox 468 1221 524 1283; x_wconf 81' lang='grc' dir='ltr'><strong><em>καί</em></strong></span> <span class='ocrx_word' id='word_1_84' title='bbox 542 1219 606 1282; x_wconf 80' lang='grc' dir='ltr'><strong><em>τῶν</em></strong></span> <span class='ocrx_word' id='word_1_85' title='bbox 621 1212 799 1305; x_wconf 71' lang='grc' dir='ltr'><strong><em>ἀρχιερέων</em></strong></span> <span class='ocrx_word' id='word_1_86' title='bbox 815 1215 1095 1305; x_wconf 81' lang='grc' dir='ltr'><strong><em>συνιάριαζόντων,</em></strong></span> <span class='ocrx_word' id='word_1_87' title='bbox 1115 1211 1194 1282; x_wconf 80' lang='grc' dir='ltr'><strong><em>ἂνα-</em></strong></span> 
     </span>
     <span class='ocr_line' id='line_1_11' title="bbox 79 1313 1193 1402; baseline -0.004 -20"><span class='ocrx_word' id='word_1_88' title='bbox 79 1317 300 1394; x_wconf 65' lang='lat' dir='ltr'><strong>amaracum</strong></span> <span class='ocrx_word' id='word_1_89' title='bbox 324 1315 359 1378; x_wconf 79' lang='grc' dir='ltr'><strong><em>δὲ</em></strong></span> <span class='ocrx_word' id='word_1_90' title='bbox 381 1318 443 1380; x_wconf 81' lang='grc' dir='ltr'><strong><em>νῦν</em></strong></span> <span class='ocrx_word' id='word_1_91' title='bbox 467 1314 679 1401; x_wconf 73' lang='grc' dir='ltr'><strong><em>γραμμάτων,</em></strong></span> <span class='ocrx_word' id='word_1_92' title='bbox 710 1313 754 1395; x_wconf 72' lang='grc' dir='ltr'><strong><em>οῦς</em></strong></span> <span class='ocrx_word' id='word_1_93' title='bbox 771 1317 874 1382; x_wconf 82' lang='grc' dir='ltr'><strong><em>ἐάόιιει</em></strong></span> <span class='ocrx_word' id='word_1_94' title='bbox 893 1316 915 1402; x_wconf 82' lang='grc' dir='ltr'><em>ἦ</em></span> <span class='ocrx_word' id='word_1_95' title='bbox 935 1315 1066 1396; x_wconf 58' lang='lat' dir='ltr'><strong>draicote</strong></span> <span class='ocrx_word' id='word_1_96' title='bbox 1086 1315 1193 1380; x_wconf 73' lang='lat' dir='ltr'><strong>diaulus</strong></span> 
     </span>
     <span class='ocr_line' id='line_1_12' title="bbox 107 1411 1222 1502; baseline 0.005 -26"><span class='ocrx_word' id='word_1_97' title='bbox 107 1415 155 1476; x_wconf 92' lang='grc' dir='ltr'><strong><em>τοῦ</em></strong></span> <span class='ocrx_word' id='word_1_98' title='bbox 170 1415 240 1478; x_wconf 86' lang='grc' dir='ltr'><strong><em>νέου</em></strong></span> <span class='ocrx_word' id='word_1_99' title='bbox 254 1416 428 1497; x_wconf 85' lang='grc' dir='ltr'><strong><em>βασιλέως,</em></strong></span> <span class='ocrx_word' id='word_1_100' title='bbox 447 1413 563 1494; x_wconf 82' lang='grc' dir='ltr'><strong><em>πάντες</em></strong></span> <span class='ocrx_word' id='word_1_101' title='bbox 584 1414 685 1494; x_wconf 84' lang='grc' dir='ltr'><strong><em>εῦθῦς</em></strong></span> <span class='ocrx_word' id='word_1_102' title='bbox 700 1415 780 1502; x_wconf 78' lang='grc' dir='ltr'><strong><em>πρός</em></strong></span> <span class='ocrx_word' id='word_1_103' title='bbox 793 1420 929 1500; x_wconf 78' lang='grc' dir='ltr'><strong><em>βασιλέα</em></strong></span> <span class='ocrx_word' id='word_1_104' title='bbox 945 1415 1000 1484; x_wconf 85' lang='grc' dir='ltr'><strong><em>τὸν</em></strong></span> <span class='ocrx_word' id='word_1_105' title='bbox 1018 1411 1222 1501; x_wconf 72' lang='grc' dir='ltr'><strong><em>πρεσβῦτε-(ἓ</em></strong></span> 
     </span>
     <span class='ocr_line' id='line_1_13' title="bbox 107 1505 1195 1602; baseline 0.005 -27"><span class='ocrx_word' id='word_1_106' title='bbox 107 1533 156 1595; x_wconf 91' lang='grc' dir='ltr'><strong><em>ρον</em></strong></span> <span class='ocrx_word' id='word_1_107' title='bbox 177 1508 343 1593; x_wconf 83' lang='grc' dir='ltr'><strong><em>ἐλθόντες,</em></strong></span> <span class='ocrx_word' id='word_1_108' title='bbox 372 1511 413 1577; x_wconf 90' lang='grc' dir='ltr'><strong><em>τά</em></strong></span> <span class='ocrx_word' id='word_1_109' title='bbox 438 1538 472 1577; x_wconf 87' lang='grc' dir='ltr'><strong><em>τε</em></strong></span> <span class='ocrx_word' id='word_1_110' title='bbox 496 1505 666 1602; x_wconf 86' lang='grc' dir='ltr'><strong><em>γράμματα</em></strong></span> <span class='ocrx_word' id='word_1_111' title='bbox 695 1514 880 1581; x_wconf 82' lang='grc' dir='ltr'><strong><em>έῦεέκνυσαν</em></strong></span> <span class='ocrx_word' id='word_1_112' title='bbox 908 1515 967 1578; x_wconf 85' lang='grc' dir='ltr'><strong><em>τοῦ</em></strong></span> <span class='ocrx_word' id='word_1_113' title='bbox 985 1513 1114 1598; x_wconf 84' lang='grc' dir='ltr'><strong><em>ἐγγόνου</em></strong></span> <span class='ocrx_word' id='word_1_114' title='bbox 1138 1513 1195 1580; x_wconf 76' lang='grc' dir='ltr'><strong><em>καὶ</em></strong></span> 
     </span>
     <span class='ocr_line' id='line_1_14' title="bbox 107 1591 1303 1700; baseline 0.004 -28"><span class='ocrx_word' id='word_1_115' title='bbox 107 1609 290 1697; x_wconf 71' lang='grc' dir='ltr'><strong><em>συνηγόρουν</em></strong></span> <span class='ocrx_word' id='word_1_116' title='bbox 305 1611 390 1700; x_wconf 63' lang='lat' dir='ltr'><strong>adripi</strong></span> <span class='ocrx_word' id='word_1_117' title='bbox 406 1610 451 1688; x_wconf 83' lang='grc' dir='ltr'><strong><em>οῦς</em></strong></span> <span class='ocrx_word' id='word_1_118' title='bbox 466 1612 574 1678; x_wconf 65' lang='lat' dir='ltr'><strong>tetam</strong></span> <span class='ocrx_word' id='word_1_119' title='bbox 593 1607 742 1693; x_wconf 82' lang='grc' dir='ltr'><strong><em>άξιοῦντι.</em></strong></span> <span class='ocrx_word' id='word_1_120' title='bbox 763 1617 819 1679; x_wconf 77' lang='grc' dir='ltr'><strong><em>καὶ</em></strong></span> <span class='ocrx_word' id='word_1_121' title='bbox 836 1609 915 1680; x_wconf 75' lang='lat' dir='ltr'><strong>adad</strong></span> <span class='ocrx_word' id='word_1_122' title='bbox 933 1609 992 1698; x_wconf 88' lang='grc' dir='ltr'><strong><em>γάρ</em></strong></span> <span class='ocrx_word' id='word_1_123' title='bbox 1011 1611 1136 1700; x_wconf 82' lang='grc' dir='ltr'><strong><em>ἔφασαν</em></strong></span> <span class='ocrx_word' id='word_1_124' title='bbox 1154 1591 1190 1676; x_wconf 89' lang='grc' dir='ltr'><strong><em>τό</em></strong></span> <span class='ocrx_word' id='word_1_125' title='bbox 1300 1629 1303 1636; x_wconf 90' lang='grc'><strong>’</strong></span> 
     </span>
     <span class='ocr_line' id='line_1_15' title="bbox 105 1701 1192 1798; baseline 0.006 -27"><span class='ocrx_word' id='word_1_126' title='bbox 105 1713 169 1796; x_wconf 75' lang='grc' dir='ltr'><strong><em>περὶ</em></strong></span> <span class='ocrx_word' id='word_1_127' title='bbox 188 1710 335 1776; x_wconf 73' lang='grc' dir='ltr'><strong><em>πλείστου</em></strong></span> <span class='ocrx_word' id='word_1_128' title='bbox 360 1717 522 1778; x_wconf 86' lang='grc' dir='ltr'><strong><em>ποιεῖσθαι</em></strong></span> <span class='ocrx_word' id='word_1_129' title='bbox 554 1705 694 1797; x_wconf 79' lang='grc' dir='ltr'><strong><em>ἢαῦτόν</em></strong></span> <span class='ocrx_word' id='word_1_130' title='bbox 716 1715 860 1782; x_wconf 87' lang='grc' dir='ltr'><strong><em>ἐνταῦθα</em></strong></span> <span class='ocrx_word' id='word_1_131' title='bbox 887 1708 1024 1778; x_wconf 84' lang='grc' dir='ltr'><strong><em>ἐλθόντα</em></strong></span> <span class='ocrx_word' id='word_1_132' title='bbox 1048 1711 1129 1798; x_wconf 78' lang='grc' dir='ltr'><strong><em>ῦπέρ</em></strong></span> <span class='ocrx_word' id='word_1_133' title='bbox 1146 1701 1192 1777; x_wconf 81' lang='grc' dir='ltr'><strong><em>οῦν</em></strong></span> 
     </span>
     <span class='ocr_line' id='line_1_16' title="bbox 76 1797 1197 1898; baseline 0.002 -26"><span class='ocrx_word' id='word_1_134' title='bbox 76 1809 275 1891; x_wconf 69' lang='grc' dir='ltr'><strong><em>ιέέγιαλεῖται</em></strong></span> <span class='ocrx_word' id='word_1_135' title='bbox 288 1814 440 1898; x_wconf 85' lang='grc' dir='ltr'><strong><em>παρέχειν</em></strong></span> <span class='ocrx_word' id='word_1_136' title='bbox 458 1813 581 1879; x_wconf 75' lang='grc' dir='ltr'><strong><em>ἐθέλειν</em></strong></span> <span class='ocrx_word' id='word_1_137' title='bbox 598 1807 756 1895; x_wconf 86' lang='grc' dir='ltr'><strong><em>εῦθάνας,</em></strong></span> <span class='ocrx_word' id='word_1_138' title='bbox 789 1805 811 1896; x_wconf 78' lang='grc' dir='ltr'><em>ἢ</em></span> <span class='ocrx_word' id='word_1_139' title='bbox 831 1797 891 1878; x_wconf 86' lang='grc' dir='ltr'><strong><em>τόῦ</em></strong></span> <span class='ocrx_word' id='word_1_140' title='bbox 908 1810 1107 1896; x_wconf 79' lang='grc' dir='ltr'><strong><em>πατριάρχου</em></strong></span> <span class='ocrx_word' id='word_1_141' title='bbox 1128 1811 1197 1874; x_wconf 82' lang='grc' dir='ltr'><strong><em>ἐκεῖ</em></strong></span> 
     </span>
     <span class='ocr_line' id='line_1_17' title="bbox 102 1901 1193 1996; baseline -0.002 -24"><span class='ocrx_word' id='word_1_142' title='bbox 102 1911 261 1990; x_wconf 87' lang='grc' dir='ltr'><strong><em>γενομένου</em></strong></span> <span class='ocrx_word' id='word_1_143' title='bbox 284 1907 319 1974; x_wconf 87' lang='grc' dir='ltr'><strong><em>τό</em></strong></span> <span class='ocrx_word' id='word_1_144' title='bbox 344 1907 422 1974; x_wconf 75' lang='lat' dir='ltr'><strong>adad</strong></span> <span class='ocrx_word' id='word_1_145' title='bbox 448 1921 566 1992; x_wconf 84' lang='grc' dir='ltr'><strong><em>ποιεῖν,</em></strong></span> <span class='ocrx_word' id='word_1_146' title='bbox 594 1910 763 1996; x_wconf 73' lang='grc' dir='ltr'><strong><em>τεκμήριον</em></strong></span> <span class='ocrx_word' id='word_1_147' title='bbox 792 1904 832 1975; x_wconf 77' lang='lat' dir='ltr'><strong><em>dv</em></strong></span> <span class='ocrx_word' id='word_1_148' title='bbox 855 1908 903 1996; x_wconf 78' lang='grc' dir='ltr'><strong><em>εἴη</em></strong></span> <span class='ocrx_word' id='word_1_149' title='bbox 925 1913 1073 1993; x_wconf 79' lang='grc' dir='ltr'><strong><em>μέγιστον</em></strong></span> <span class='ocrx_word' id='word_1_150' title='bbox 1098 1901 1193 1993; x_wconf 78' lang='grc' dir='ltr'><strong><em>ἢτοῦ</em></strong></span> 
     </span>
     <span class='ocr_line' id='line_1_18' title="bbox 102 1998 1195 2095; baseline -0.004 -23"><span class='ocrx_word' id='word_1_151' title='bbox 102 2005 192 2090; x_wconf 79' lang='grc' dir='ltr'><strong><em>μηδὲν</em></strong></span> <span class='ocrx_word' id='word_1_152' title='bbox 206 2005 444 2095; x_wconf 80' lang='grc' dir='ltr'><strong><em>ἡμαρτηκέναι,</em></strong></span> <span class='ocrx_word' id='word_1_153' title='bbox 477 2001 499 2094; x_wconf 70' lang='grc' dir='ltr'><em>ἢ</em></span> <span class='ocrx_word' id='word_1_154' title='bbox 518 2010 549 2074; x_wconf 80' lang='grc' dir='ltr'><strong><em>εἰ</em></strong></span> <span class='ocrx_word' id='word_1_155' title='bbox 563 2008 619 2074; x_wconf 81' lang='grc' dir='ltr'><strong><em>καί</em></strong></span> <span class='ocrx_word' id='word_1_156' title='bbox 633 2005 764 2095; x_wconf 74' lang='grc' dir='ltr'><strong><em>ἥμαρτε,</em></strong></span> <span class='ocrx_word' id='word_1_157' title='bbox 785 2010 844 2074; x_wconf 88' lang='grc' dir='ltr'><strong><em>τοῦ</em></strong></span> <span class='ocrx_word' id='word_1_158' title='bbox 860 2005 1035 2092; x_wconf 81' lang='grc' dir='ltr'><strong><em>βούλεσθαι</em></strong></span> <span class='ocrx_word' id='word_1_159' title='bbox 1052 1998 1091 2070; x_wconf 85' lang='grc' dir='ltr'><strong><em>άν</em></strong></span> <span class='ocrx_word' id='word_1_160' title='bbox 1108 2005 1195 2090; x_wconf 80' lang='grc' dir='ltr'><strong><em>διορ-</em></strong></span> 
     </span>
     <span class='ocr_line' id='line_1_19' title="bbox 101 2099 1195 2193; baseline -0.001 -25"><span class='ocrx_word' id='word_1_161' title='bbox 101 2107 261 2191; x_wconf 77' lang='grc' dir='ltr'><strong><em>θαθῆναι.</em></strong></span> <span class='ocrx_word' id='word_1_162' title='bbox 289 2105 402 2173; x_wconf 88' lang='grc' dir='ltr'><strong><em>τοῦτου</em></strong></span> <span class='ocrx_word' id='word_1_163' title='bbox 425 2109 460 2173; x_wconf 81' lang='grc' dir='ltr'><strong><em>δὲ</em></strong></span> <span class='ocrx_word' id='word_1_164' title='bbox 484 2103 586 2185; x_wconf 82' lang='grc' dir='ltr'><strong><em>οῦτοις</em></strong></span> <span class='ocrx_word' id='word_1_165' title='bbox 607 2109 640 2185; x_wconf 78' lang='grc' dir='ltr'><strong><em>ἐξ</em></strong></span> <span class='ocrx_word' id='word_1_166' title='bbox 662 2103 767 2174; x_wconf 85' lang='grc' dir='ltr'><strong><em>αῦτιῦν</em></strong></span> <span class='ocrx_word' id='word_1_167' title='bbox 788 2104 980 2193; x_wconf 82' lang='grc' dir='ltr'><strong><em>πραγμάτων</em></strong></span> <span class='ocrx_word' id='word_1_168' title='bbox 1007 2099 1195 2168; x_wconf 80' lang='grc' dir='ltr'><strong><em>άποῦεικνυ-</em></strong></span> 
     </span>
     <span class='ocr_line' id='line_1_20' title="bbox 101 2198 1194 2300; baseline -0.004 -30"><span class='ocrx_word' id='word_1_169' title='bbox 101 2207 210 2288; x_wconf 85' lang='grc' dir='ltr'><strong><em>μένου,</em></strong></span> <span class='ocrx_word' id='word_1_170' title='bbox 243 2203 369 2300; x_wconf 73' lang='grc' dir='ltr'><strong><em>δίκαιον</em></strong></span> <span class='ocrx_word' id='word_1_171' title='bbox 392 2198 432 2272; x_wconf 84' lang='grc' dir='ltr'><strong><em>άυ</em></strong></span> <span class='ocrx_word' id='word_1_172' title='bbox 453 2204 501 2293; x_wconf 83' lang='grc' dir='ltr'><strong><em>εἴη</em></strong></span> <span class='ocrx_word' id='word_1_173' title='bbox 519 2206 575 2272; x_wconf 77' lang='grc' dir='ltr'><strong><em>καὶ</em></strong></span> <span class='ocrx_word' id='word_1_174' title='bbox 592 2202 661 2300; x_wconf 78' lang='grc' dir='ltr'><strong><em>ἅμα</em></strong></span> <span class='ocrx_word' id='word_1_175' title='bbox 685 2209 845 2283; x_wconf 83' lang='grc' dir='ltr'><strong><em>λυσιτελὲς</em></strong></span> <span class='ocrx_word' id='word_1_176' title='bbox 858 2208 914 2271; x_wconf 84' lang='grc' dir='ltr'><em>καί</em></span> <span class='ocrx_word' id='word_1_177' title='bbox 932 2199 1123 2287; x_wconf 74' lang='grc' dir='ltr'><strong><em>ἀναγκαῖον,</em></strong></span> <span class='ocrx_word' id='word_1_178' title='bbox 1158 2203 1194 2267; x_wconf 85' lang='grc' dir='ltr'><strong><em>ἐκ</em></strong></span> 
     </span>
     <span class='ocr_line' id='line_1_21' title="bbox 68 2297 1194 2393; baseline -0.008 -18"><span class='ocrx_word' id='word_1_179' title='bbox 68 2302 154 2375; x_wconf 76' lang='grc' dir='ltr'><strong><em>ιοῦόο</em></strong></span> <span class='ocrx_word' id='word_1_180' title='bbox 167 2309 230 2373; x_wconf 86' lang='grc' dir='ltr'><strong><em>τιῦν</em></strong></span> <span class='ocrx_word' id='word_1_181' title='bbox 255 2307 455 2391; x_wconf 85' lang='grc' dir='ltr'><strong><em>ζητουμένων</em></strong></span> <span class='ocrx_word' id='word_1_182' title='bbox 472 2308 622 2390; x_wconf 87' lang='grc' dir='ltr'><strong><em>γενέσθαι</em></strong></span> <span class='ocrx_word' id='word_1_183' title='bbox 645 2304 802 2393; x_wconf 87' lang='grc' dir='ltr'><strong><em>θάτερον.</em></strong></span> <span class='ocrx_word' id='word_1_184' title='bbox 835 2301 920 2392; x_wconf 82' lang='grc' dir='ltr'><strong><em>ῦροῦν</em></strong></span> <span class='ocrx_word' id='word_1_185' title='bbox 940 2297 999 2369; x_wconf 81' lang='grc' dir='ltr'><strong><em>οῦν</em></strong></span> <span class='ocrx_word' id='word_1_186' title='bbox 1023 2297 1079 2368; x_wconf 72' lang='lat' dir='ltr'><strong><em>rui</em></strong></span> <span class='ocrx_word' id='word_1_187' title='bbox 1099 2297 1114 2366; x_wconf 87' lang='grc' dir='ltr'><strong><em>ῦ</em></strong></span> <span class='ocrx_word' id='word_1_188' title='bbox 1133 2306 1194 2383; x_wconf 90' lang='grc' dir='ltr'><strong><em>βα-</em></strong></span> 
     </span>
     <span class='ocr_line' id='line_1_22' title="bbox 99 2393 1210 2494; baseline -0.004 -26"><span class='ocrx_word' id='word_1_189' title='bbox 99 2403 197 2483; x_wconf 84' lang='grc' dir='ltr'><strong><em>σιλεῦς</em></strong></span> <span class='ocrx_word' id='word_1_190' title='bbox 224 2403 317 2487; x_wconf 85' lang='grc' dir='ltr'><strong><em>τό,τε</em></strong></span> <span class='ocrx_word' id='word_1_191' title='bbox 341 2401 572 2494; x_wconf 75' lang='grc' dir='ltr'><strong><em>Ιάναντέρῖρῦιγτον</em></strong></span> <span class='ocrx_word' id='word_1_192' title='bbox 594 2405 656 2492; x_wconf 70' lang='grc' dir='ltr'><strong><em>τῆρ’</em></strong></span> <span class='ocrx_word' id='word_1_193' title='bbox 685 2393 843 2484; x_wconf 82' lang='grc' dir='ltr'><strong><em>άξιάσειος</em></strong></span> <span class='ocrx_word' id='word_1_194' title='bbox 858 2403 913 2470; x_wconf 80' lang='grc' dir='ltr'><strong><em>καί</em></strong></span> <span class='ocrx_word' id='word_1_195' title='bbox 929 2401 988 2490; x_wconf 76' lang='grc' dir='ltr'><strong><em>τὴν</em></strong></span> <span class='ocrx_word' id='word_1_196' title='bbox 1002 2404 1058 2468; x_wconf 90' lang='grc' dir='ltr'><strong><em>τοῦ</em></strong></span> <span class='ocrx_word' id='word_1_197' title='bbox 1078 2425 1210 2494; x_wconf 49' lang='grc' dir='ltr'><strong><em>τιατρι·Ἰ</em></strong></span> 
     </span>
     <span class='ocr_line' id='line_1_23' title="bbox 99 2497 1215 2593; baseline 0.002 -29"><span class='ocrx_word' id='word_1_198' title='bbox 99 2499 193 2588; x_wconf 79' lang='grc' dir='ltr'><strong><em>άρχου</em></strong></span> <span class='ocrx_word' id='word_1_199' title='bbox 221 2508 282 2570; x_wconf 81' lang='grc' dir='ltr'><strong><em>ιιαά</em></strong></span> <span class='ocrx_word' id='word_1_200' title='bbox 307 2506 371 2571; x_wconf 83' lang='grc' dir='ltr'><strong><em>τοῦν</em></strong></span> <span class='ocrx_word' id='word_1_201' title='bbox 400 2499 575 2592; x_wconf 75' lang='grc' dir='ltr'><strong><em>ἀρχιερέων</em></strong></span> <span class='ocrx_word' id='word_1_202' title='bbox 594 2503 675 2593; x_wconf 86' lang='grc' dir='ltr'><strong><em>πρός</em></strong></span> <span class='ocrx_word' id='word_1_203' title='bbox 691 2507 783 2571; x_wconf 88' lang='grc' dir='ltr'><strong><em>τοῦτο</em></strong></span> <span class='ocrx_word' id='word_1_204' title='bbox 801 2503 962 2589; x_wconf 71' lang='grc' dir='ltr'><strong><em>σπουδὴν,</em></strong></span> <span class='ocrx_word' id='word_1_205' title='bbox 991 2499 1104 2583; x_wconf 85' lang='grc' dir='ltr'><strong><em>τὸμὲν</em></strong></span> <span class='ocrx_word' id='word_1_206' title='bbox 1126 2497 1215 2566; x_wconf 78' lang='grc' dir='ltr'><strong><em>τόνλ)</em></strong></span> 
     </span>
     <span class='ocr_line' id='line_1_24' title="bbox 99 2595 1189 2692; baseline -0.003 -27"><span class='ocrx_word' id='word_1_207' title='bbox 99 2603 161 2669; x_wconf 82' lang='grc' dir='ltr'><strong><em>νέον</em></strong></span> <span class='ocrx_word' id='word_1_208' title='bbox 176 2607 315 2688; x_wconf 82' lang='grc' dir='ltr'><strong><em>βασιλέα</em></strong></span> <span class='ocrx_word' id='word_1_209' title='bbox 330 2603 411 2692; x_wconf 88' lang='grc' dir='ltr'><strong><em>πρός</em></strong></span> <span class='ocrx_word' id='word_1_210' title='bbox 429 2607 544 2672; x_wconf 80' lang='grc' dir='ltr'><strong><em>ἐκεῖνον</em></strong></span> <span class='ocrx_word' id='word_1_211' title='bbox 572 2602 660 2691; x_wconf 82' lang='grc' dir='ltr'><strong><em>ἥκειν</em></strong></span> <span class='ocrx_word' id='word_1_212' title='bbox 703 2599 920 2689; x_wconf 83' lang='grc' dir='ltr'><strong><em>άπηγόριυεν,</em></strong></span> <span class='ocrx_word' id='word_1_213' title='bbox 956 2597 1062 2687; x_wconf 87' lang='grc' dir='ltr'><strong><em>ιῦσπερ</em></strong></span> <span class='ocrx_word' id='word_1_214' title='bbox 1079 2597 1136 2664; x_wconf 79' lang='grc' dir='ltr'><strong><em>καί</em></strong></span> <span class='ocrx_word' id='word_1_215' title='bbox 1152 2595 1189 2662; x_wconf 88' lang='grc' dir='ltr'><strong><em>τό</em></strong></span> 
     </span>
     <span class='ocr_line' id='line_1_25' title="bbox 98 2695 1199 2792; baseline -0.005 -25"><span class='ocrx_word' id='word_1_216' title='bbox 98 2703 146 2768; x_wconf 85' lang='grc' dir='ltr'><strong><em>τόν</em></strong></span> <span class='ocrx_word' id='word_1_217' title='bbox 163 2702 367 2792; x_wconf 70' lang='grc' dir='ltr'><strong><em>πατριάρχαι</em></strong></span> <span class='ocrx_word' id='word_1_218' title='bbox 384 2709 453 2770; x_wconf 84' lang='grc' dir='ltr'><strong><em>ἐκεῖ</em></strong></span> <span class='ocrx_word' id='word_1_219' title='bbox 462 2709 611 2789; x_wconf 85' lang='grc' dir='ltr'><strong><em>γενέσθαι</em></strong></span> <span class='ocrx_word' id='word_1_220' title='bbox 620 2756 630 2787; x_wconf 89' lang='grc'><strong><em>,</em></strong></span> <span class='ocrx_word' id='word_1_221' title='bbox 659 2701 752 2770; x_wconf 80' lang='grc' dir='ltr'><strong><em>οῦδὲν</em></strong></span> <span class='ocrx_word' id='word_1_222' title='bbox 768 2698 851 2768; x_wconf 84' lang='grc' dir='ltr'><strong><em>εἶναι</em></strong></span> <span class='ocrx_word' id='word_1_223' title='bbox 865 2695 1028 2789; x_wconf 90' lang='grc' dir='ltr'><strong><em>προῦργου</em></strong></span> <span class='ocrx_word' id='word_1_224' title='bbox 1048 2697 1199 2787; x_wconf 69' lang='grc' dir='ltr'><strong><em>φάμενοςι</em></strong></span> 
     </span>
     <span class='ocr_line' id='line_1_26' title="bbox 67 2793 1241 2894; baseline -0.006 -26"><span class='ocrx_word' id='word_1_225' title='bbox 67 2801 259 2894; x_wconf 76' lang='grc' dir='ltr'><strong><em>ιέἒκάτερῦν·</em></strong></span> <span class='ocrx_word' id='word_1_226' title='bbox 287 2807 435 2871; x_wconf 76' lang='grc' dir='ltr'><strong><em>ἐπένευσε</em></strong></span> <span class='ocrx_word' id='word_1_227' title='bbox 456 2806 491 2872; x_wconf 75' lang='grc' dir='ltr'><strong><em>δέ</em></strong></span> <span class='ocrx_word' id='word_1_228' title='bbox 506 2809 568 2872; x_wconf 76' lang='lat' dir='ltr'><strong>raia</strong></span> <span class='ocrx_word' id='word_1_229' title='bbox 584 2830 619 2871; x_wconf 87' lang='grc' dir='ltr'><strong><em>τε</em></strong></span> <span class='ocrx_word' id='word_1_230' title='bbox 634 2799 810 2892; x_wconf 79' lang='grc' dir='ltr'><strong><em>ἀρχιερέων</em></strong></span> <span class='ocrx_word' id='word_1_231' title='bbox 827 2800 882 2870; x_wconf 66' lang='lat' dir='ltr'><strong>aas*</strong></span> <span class='ocrx_word' id='word_1_232' title='bbox 903 2801 967 2868; x_wconf 80' lang='grc' dir='ltr'><strong><em>νῦν</em></strong></span> <span class='ocrx_word' id='word_1_233' title='bbox 981 2803 1039 2885; x_wconf 75' lang='grc' dir='ltr'><strong><em>τῆς</em></strong></span> <span class='ocrx_word' id='word_1_234' title='bbox 1054 2793 1190 2882; x_wconf 79' lang='grc' dir='ltr'><strong><em>συγκλὴ-</em></strong></span> <span class='ocrx_word' id='word_1_235' title='bbox 1234 2885 1241 2892; x_wconf 33' lang='grc' dir='ltr'>Ι</span> 
     </span>
     <span class='ocr_line' id='line_1_27' title="bbox 163 2914 647 3002; baseline 0.002 -25"><span class='ocrx_word' id='word_1_236' title='bbox 163 2927 188 2996; x_wconf 68' lang='grc'><strong><em>4.</em></strong></span> <span class='ocrx_word' id='word_1_237' title='bbox 225 2923 304 2999; x_wconf 70' lang='grc' dir='ltr'><strong><em>ὑπὲρ</em></strong></span> <span class='ocrx_word' id='word_1_238' title='bbox 323 2943 390 2980; x_wconf 89' lang='lat' dir='ltr'><strong>corr.</strong></span> <span class='ocrx_word' id='word_1_239' title='bbox 409 2943 459 2995; x_wconf 90' lang='lat' dir='ltr'><strong>pro</strong></span> <span class='ocrx_word' id='word_1_240' title='bbox 478 2914 547 2980; x_wconf 78' lang='grc' dir='ltr'><strong><em>ῦπό.</em></strong></span> <span class='ocrx_word' id='word_1_241' title='bbox 643 2979 647 3002; x_wconf 45' lang='lat'><em>¹</em></span> 
     </span>
     <span class='ocr_line' id='line_1_28' title="bbox 98 3002 1187 3099; baseline -0.008 -34"><span class='ocrx_word' id='word_1_242' title='bbox 98 3011 182 3078; x_wconf 81' lang='lat' dir='ltr'><strong>dcam,</strong></span> <span class='ocrx_word' id='word_1_243' title='bbox 204 3029 294 3099; x_wconf 79' lang='lat' dir='ltr'><strong>angor</strong></span> <span class='ocrx_word' id='word_1_244' title='bbox 310 3012 558 3098; x_wconf 74' lang='lat' dir='ltr'><strong>vehementissime.</strong></span> <span class='ocrx_word' id='word_1_245' title='bbox 580 3011 715 3096; x_wconf 74' lang='lat' dir='ltr'><strong>Quocirca</strong></span> <span class='ocrx_word' id='word_1_246' title='bbox 726 3009 761 3098; x_wconf 75' lang='lat' dir='ltr'><strong><em>ad</em></strong></span> <span class='ocrx_word' id='word_1_247' title='bbox 779 3010 949 3062; x_wconf 72' lang='lat' dir='ltr'><strong>sanctitatem</strong></span> <span class='ocrx_word' id='word_1_248' title='bbox 964 3013 1081 3090; x_wconf 68' lang='lat' dir='ltr'><strong>vcstpnm</strong></span> <span class='ocrx_word' id='word_1_249' title='bbox 1094 3002 1187 3056; x_wconf 89' lang='lat' dir='ltr'><strong>&#39;scribo</strong></span> 
     </span>
     <span class='ocr_line' id='line_1_29' title="bbox 98 3077 1187 3227; baseline -0.01 -21"><span class='ocrx_word' id='word_1_250' title='bbox 98 3086 585 3227; x_wconf 58' lang='grc' dir='ltr'><strong><em>ῦέἶλὲἰλάλιῗιλῖοιὲξλῗὼάλ</em></strong></span> <span class='ocrx_word' id='word_1_251' title='bbox 599 3077 912 3222; x_wconf 60' lang='grc' dir='ltr'><strong><em>ῗῖξξάλῦλίἱῗάλξ</em></strong></span> <span class='ocrx_word' id='word_1_252' title='bbox 931 3083 1187 3219; x_wconf 60' lang='lat' dir='ltr'><strong>‚iiiitiiiiii</strong></span> 
     </span>
     <span class='ocr_line' id='line_1_30' title="bbox 99 3219 1186 3296; baseline -0.006 -20"><span class='ocrx_word' id='word_1_253' title='bbox 99 3243 129 3278; x_wconf 89' lang='lat' dir='ltr'><strong><em>eo</em></strong></span> <span class='ocrx_word' id='word_1_254' title='bbox 147 3236 328 3296; x_wconf 70' lang='lat' dir='ltr'><strong>permovere,</strong></span> <span class='ocrx_word' id='word_1_255' title='bbox 349 3234 381 3278; x_wconf 90' lang='lat' dir='ltr'><strong>ut</strong></span> <span class='ocrx_word' id='word_1_256' title='bbox 400 3235 448 3278; x_wconf 88' lang='lat' dir='ltr'><strong><em>aut</em></strong></span> <span class='ocrx_word' id='word_1_257' title='bbox 465 3242 508 3277; x_wconf 88' lang='lat' dir='ltr'><strong><em>me</em></strong></span> <span class='ocrx_word' id='word_1_258' title='bbox 530 3225 597 3276; x_wconf 84' lang='lat' dir='ltr'><strong>illuc</strong></span> <span class='ocrx_word' id='word_1_259' title='bbox 621 3223 656 3275; x_wconf 89' lang='lat' dir='ltr'><strong><em>ad</em></strong></span> <span class='ocrx_word' id='word_1_260' title='bbox 674 3239 721 3276; x_wconf 83' lang='lat' dir='ltr'><strong><em>vos</em></strong></span> <span class='ocrx_word' id='word_1_261' title='bbox 739 3223 875 3292; x_wconf 83' lang='lat' dir='ltr'><strong>proficisci</strong></span> <span class='ocrx_word' id='word_1_262' title='bbox 901 3228 930 3272; x_wconf 84' lang='lat' dir='ltr'><strong><em>et</em></strong></span> <span class='ocrx_word' id='word_1_263' title='bbox 946 3237 996 3289; x_wconf 89' lang='lat' dir='ltr'><strong>pro</strong></span> <span class='ocrx_word' id='word_1_264' title='bbox 1014 3235 1058 3270; x_wconf 85' lang='lat' dir='ltr'><strong><em>sne</em></strong></span> <span class='ocrx_word' id='word_1_265' title='bbox 1079 3219 1186 3270; x_wconf 86' lang='lat' dir='ltr'><strong>causaoi</strong></span> 
     </span>
     <span class='ocr_line' id='line_1_31' title="bbox 98 3289 1188 3366; baseline -0.009 -19"><span class='ocrx_word' id='word_1_266' title='bbox 98 3313 185 3361; x_wconf 87' lang='lat' dir='ltr'><strong>orare,</strong></span> <span class='ocrx_word' id='word_1_267' title='bbox 204 3304 272 3360; x_wconf 84' lang='lat' dir='ltr'><strong>aut,</strong></span> <span class='ocrx_word' id='word_1_268' title='bbox 291 3297 370 3350; x_wconf 77' lang='lat' dir='ltr'><strong>vobis</strong></span> <span class='ocrx_word' id='word_1_269' title='bbox 388 3293 443 3348; x_wconf 88' lang='lat' dir='ltr'><strong>huc</strong></span> <span class='ocrx_word' id='word_1_270' title='bbox 459 3295 599 3366; x_wconf 83' lang='lat' dir='ltr'><strong>profectis,</strong></span> <span class='ocrx_word' id='word_1_271' title='bbox 619 3293 750 3364; x_wconf 90' lang='lat' dir='ltr'><strong>idipsum</strong></span> <span class='ocrx_word' id='word_1_272' title='bbox 767 3293 813 3345; x_wconf 89' lang='lat' dir='ltr'><strong>hie</strong></span> <span class='ocrx_word' id='word_1_273' title='bbox 834 3293 922 3344; x_wconf 83' lang='lat' dir='ltr'><strong>facere</strong></span> <span class='ocrx_word' id='word_1_274' title='bbox 941 3289 1114 3343; x_wconf 81' lang='lat' dir='ltr'><strong>concedatur.</strong></span> <span class='ocrx_word' id='word_1_275' title='bbox 1142 3289 1188 3358; x_wconf 84' lang='lat' dir='ltr'><strong>Sic</strong></span> 
     </span>
     <span class='ocr_line' id='line_1_32' title="bbox 96 3361 1186 3436; baseline -0.006 -18"><span class='ocrx_word' id='word_1_276' title='bbox 96 3367 284 3434; x_wconf 76' lang='lat' dir='ltr'><strong>patriarcham</strong></span> <span class='ocrx_word' id='word_1_277' title='bbox 307 3376 336 3423; x_wconf 82' lang='lat' dir='ltr'><strong><em>et</em></strong></span> <span class='ocrx_word' id='word_1_278' title='bbox 359 3369 505 3436; x_wconf 84' lang='lat' dir='ltr'><strong>pontifices</strong></span> <span class='ocrx_word' id='word_1_279' title='bbox 532 3383 582 3436; x_wconf 88' lang='lat' dir='ltr'><strong>per</strong></span> <span class='ocrx_word' id='word_1_280' title='bbox 599 3366 743 3434; x_wconf 88' lang='lat' dir='ltr'><strong>epistolam</strong></span> <span class='ocrx_word' id='word_1_281' title='bbox 767 3363 886 3432; x_wconf 79' lang='lat' dir='ltr'><strong>dapnes</strong></span> <span class='ocrx_word' id='word_1_282' title='bbox 909 3361 1059 3414; x_wconf 87' lang='lat' dir='ltr'><strong>obtestatus</strong></span> <span class='ocrx_word' id='word_1_283' title='bbox 1078 3367 1120 3412; x_wconf 85' lang='lat' dir='ltr'><strong><em>est</em></strong></span> <span class='ocrx_word' id='word_1_284' title='bbox 1140 3363 1186 3429; x_wconf 58' lang='lat' dir='ltr'><strong><em>iu:</em></strong></span> 
     </span>
     <span class='ocr_line' id='line_1_33' title="bbox 97 3429 1189 3510; baseline -0.007 -21"><span class='ocrx_word' id='word_1_285' title='bbox 97 3439 156 3490; x_wconf 76' lang='grc' dir='ltr'><strong><em>πίοι</em></strong></span> <span class='ocrx_word' id='word_1_286' title='bbox 170 3441 332 3507; x_wconf 83' lang='lat' dir='ltr'><strong>imperator.</strong></span> <span class='ocrx_word' id='word_1_287' title='bbox 368 3438 431 3510; x_wconf 76' lang='lat' dir='ltr'><strong><em>Qua</em></strong></span> <span class='ocrx_word' id='word_1_288' title='bbox 450 3457 467 3490; x_wconf 94' lang='lat' dir='ltr'><strong><em>a</em></strong></span> <span class='ocrx_word' id='word_1_289' title='bbox 491 3437 636 3490; x_wconf 85' lang='lat' dir='ltr'><strong>tabellario</strong></span> <span class='ocrx_word' id='word_1_290' title='bbox 662 3434 835 3507; x_wconf 81' lang='lat' dir='ltr'><strong>patriarchae</strong></span> <span class='ocrx_word' id='word_1_291' title='bbox 856 3437 887 3486; x_wconf 91' lang='lat' dir='ltr'><strong>in</strong></span> <span class='ocrx_word' id='word_1_292' title='bbox 911 3450 1006 3484; x_wconf 86' lang='lat' dir='ltr'><strong>manus</strong></span> <span class='ocrx_word' id='word_1_293' title='bbox 1032 3429 1139 3483; x_wconf 89' lang='lat' dir='ltr'><strong>reddita</strong></span> <span class='ocrx_word' id='word_1_294' title='bbox 1160 3439 1189 3482; x_wconf 88' lang='lat' dir='ltr'><strong><em>ct</em></strong></span> 
     </span>
     <span class='ocr_line' id='line_1_34' title="bbox 98 3503 1188 3580; baseline -0.006 -22"><span class='ocrx_word' id='word_1_295' title='bbox 98 3509 126 3558; x_wconf 88' lang='lat' dir='ltr'><strong>in</strong></span> <span class='ocrx_word' id='word_1_296' title='bbox 149 3527 284 3562; x_wconf 87' lang='lat' dir='ltr'><strong>consessu</strong></span> <span class='ocrx_word' id='word_1_297' title='bbox 302 3511 492 3580; x_wconf 88' lang='lat' dir='ltr'><strong>cpiscoporum</strong></span> <span class='ocrx_word' id='word_1_298' title='bbox 512 3509 640 3570; x_wconf 85' lang='lat' dir='ltr'><strong>recitata,</strong></span> <span class='ocrx_word' id='word_1_299' title='bbox 666 3515 698 3559; x_wconf 88' lang='lat' dir='ltr'><strong>ut</strong></span> <span class='ocrx_word' id='word_1_300' title='bbox 715 3509 772 3560; x_wconf 81' lang='lat' dir='ltr'><strong>risa</strong></span> <span class='ocrx_word' id='word_1_301' title='bbox 791 3515 833 3559; x_wconf 88' lang='lat' dir='ltr'><strong><em>est</em></strong></span> <span class='ocrx_word' id='word_1_302' title='bbox 850 3521 938 3576; x_wconf 87' lang='lat' dir='ltr'><strong>acqua</strong></span> <span class='ocrx_word' id='word_1_303' title='bbox 957 3503 1075 3574; x_wconf 85' lang='lat' dir='ltr'><strong>petitio,</strong></span> <span class='ocrx_word' id='word_1_304' title='bbox 1095 3517 1188 3554; x_wconf 88' lang='lat' dir='ltr'><strong>omnes</strong></span> 
     </span>
     <span class='ocr_line' id='line_1_35' title="bbox 97 3572 1188 3647; baseline -0.006 -18"><span class='ocrx_word' id='word_1_305' title='bbox 97 3582 224 3647; x_wconf 85' lang='lat' dir='ltr'><strong>protinus</strong></span> <span class='ocrx_word' id='word_1_306' title='bbox 246 3579 282 3632; x_wconf 90' lang='lat' dir='ltr'><strong><em>ad</em></strong></span> <span class='ocrx_word' id='word_1_307' title='bbox 302 3582 438 3632; x_wconf 81' lang='lat' dir='ltr'><strong>seniorem</strong></span> <span class='ocrx_word' id='word_1_308' title='bbox 456 3579 575 3643; x_wconf 88' lang='lat' dir='ltr'><strong>adeunt,</strong></span> <span class='ocrx_word' id='word_1_309' title='bbox 593 3593 651 3630; x_wconf 84' lang='lat' dir='ltr'><strong>earn</strong></span> <span class='ocrx_word' id='word_1_310' title='bbox 677 3584 828 3632; x_wconf 84' lang='lat' dir='ltr'><strong>monstrant</strong></span> <span class='ocrx_word' id='word_1_311' title='bbox 854 3585 883 3628; x_wconf 85' lang='lat' dir='ltr'><strong><em>et</em></strong></span> <span class='ocrx_word' id='word_1_312' title='bbox 908 3583 940 3626; x_wconf 91' lang='lat' dir='ltr'><strong>ut</strong></span> <span class='ocrx_word' id='word_1_313' title='bbox 962 3575 1034 3626; x_wconf 86' lang='lat' dir='ltr'><strong>iurta</strong></span> <span class='ocrx_word' id='word_1_314' title='bbox 1062 3572 1188 3642; x_wconf 86' lang='lat' dir='ltr'><strong>cupienti</strong></span> 
     </span>
     <span class='ocr_line' id='line_1_36' title="bbox 97 3647 1190 3720; baseline -0.007 -20"><span class='ocrx_word' id='word_1_315' title='bbox 97 3653 288 3720; x_wconf 76' lang='lat' dir='ltr'><strong>auffragantur.</strong></span> <span class='ocrx_word' id='word_1_316' title='bbox 325 3649 395 3702; x_wconf 87' lang='lat' dir='ltr'><strong><em>Nam</em></strong></span> <span class='ocrx_word' id='word_1_317' title='bbox 413 3647 466 3703; x_wconf 89' lang='lat' dir='ltr'><strong><em>hoc</em></strong></span> <span class='ocrx_word' id='word_1_318' title='bbox 484 3651 573 3719; x_wconf 88' lang='lat' dir='ltr'><strong>ipsum</strong></span> <span class='ocrx_word' id='word_1_319' title='bbox 593 3649 705 3702; x_wconf 79' lang='lat' dir='ltr'><strong>aiebant</strong></span> <span class='ocrx_word' id='word_1_320' title='bbox 723 3649 905 3718; x_wconf 84' lang='lat' dir='ltr'><strong>firmissimum</strong></span> <span class='ocrx_word' id='word_1_321' title='bbox 923 3651 1119 3714; x_wconf 81' lang='lat' dir='ltr'><strong>argumentum,</strong></span> <span class='ocrx_word' id='word_1_322' title='bbox 1140 3647 1190 3692; x_wconf 86' lang='lat' dir='ltr'><strong>out</strong></span> 
     </span>
     <span class='ocr_line' id='line_1_37' title="bbox 98 3713 1188 3792; baseline -0.008 -22"><span class='ocrx_word' id='word_1_323' title='bbox 98 3721 167 3773; x_wconf 88' lang='lat' dir='ltr'><strong>nihii</strong></span> <span class='ocrx_word' id='word_1_324' title='bbox 190 3739 257 3773; x_wconf 86' lang='lat' dir='ltr'><strong><em>enm</em></strong></span> <span class='ocrx_word' id='word_1_325' title='bbox 281 3719 447 3792; x_wconf 70' lang='lat' dir='ltr'><strong>deliquisse,</strong></span> <span class='ocrx_word' id='word_1_326' title='bbox 476 3729 537 3784; x_wconf 88' lang='lat' dir='ltr'><strong>aut,</strong></span> <span class='ocrx_word' id='word_1_327' title='bbox 569 3720 593 3773; x_wconf 90' lang='lat' dir='ltr'><strong>si</strong></span> <span class='ocrx_word' id='word_1_328' title='bbox 619 3719 687 3792; x_wconf 91' lang='lat' dir='ltr'><strong>quid</strong></span> <span class='ocrx_word' id='word_1_329' title='bbox 706 3718 873 3789; x_wconf 85' lang='lat' dir='ltr'><strong>deliquerit,</strong></span> <span class='ocrx_word' id='word_1_330' title='bbox 898 3715 928 3768; x_wconf 89' lang='lat' dir='ltr'><strong>id</strong></span> <span class='ocrx_word' id='word_1_331' title='bbox 944 3716 1015 3766; x_wconf 82' lang='lat' dir='ltr'><strong>velle</strong></span> <span class='ocrx_word' id='word_1_332' title='bbox 1043 3713 1188 3781; x_wconf 76' lang='lat' dir='ltr'><strong>corrigere,</strong></span> 
     </span>
     <span class='ocr_line' id='line_1_38' title="bbox 98 3784 1189 3861; baseline -0.009 -19"><span class='ocrx_word' id='word_1_333' title='bbox 98 3791 171 3861; x_wconf 86' lang='lat' dir='ltr'><strong>quod</strong></span> <span class='ocrx_word' id='word_1_334' title='bbox 192 3795 224 3844; x_wconf 89' lang='lat' dir='ltr'><strong>in</strong></span> <span class='ocrx_word' id='word_1_335' title='bbox 244 3792 380 3844; x_wconf 84' lang='lat' dir='ltr'><strong>beneficio</strong></span> <span class='ocrx_word' id='word_1_336' title='bbox 399 3799 569 3856; x_wconf 87' lang='lat' dir='ltr'><strong>numeraret,</strong></span> <span class='ocrx_word' id='word_1_337' title='bbox 588 3791 613 3844; x_wconf 88' lang='lat' dir='ltr'><strong><em>ri</em></strong></span> <span class='ocrx_word' id='word_1_338' title='bbox 637 3799 685 3843; x_wconf 87' lang='lat' dir='ltr'><strong><em>aut</em></strong></span> <span class='ocrx_word' id='word_1_339' title='bbox 708 3789 754 3842; x_wconf 90' lang='lat' dir='ltr'><strong>hic</strong></span> <span class='ocrx_word' id='word_1_340' title='bbox 779 3798 826 3842; x_wconf 91' lang='lat' dir='ltr'><strong><em>aut</em></strong></span> <span class='ocrx_word' id='word_1_341' title='bbox 844 3789 905 3848; x_wconf 90' lang='lat' dir='ltr'><strong>ibi,</strong></span> <span class='ocrx_word' id='word_1_342' title='bbox 929 3784 1094 3854; x_wconf 66' lang='lat' dir='ltr'><strong>patriarcha*</strong></span> <span class='ocrx_word' id='word_1_343' title='bbox 1107 3795 1189 3851; x_wconf 86' lang='lat' dir='ltr'><strong>prae-</strong></span> 
     </span>
     <span class='ocr_line' id='line_1_39' title="bbox 98 3855 1188 3932; baseline -0.01 -19"><span class='ocrx_word' id='word_1_344' title='bbox 98 3871 192 3926; x_wconf 83' lang='lat' dir='ltr'><strong>sente,</strong></span> <span class='ocrx_word' id='word_1_345' title='bbox 219 3870 312 3932; x_wconf 86' lang='lat' dir='ltr'><strong>posset</strong></span> <span class='ocrx_word' id='word_1_346' title='bbox 336 3865 471 3916; x_wconf 83' lang='lat' dir='ltr'><strong>intentata</strong></span> <span class='ocrx_word' id='word_1_347' title='bbox 492 3861 547 3914; x_wconf 88' lang='lat' dir='ltr'><strong>sibi</strong></span> <span class='ocrx_word' id='word_1_348' title='bbox 572 3863 673 3914; x_wconf 88' lang='lat' dir='ltr'><strong>scelera</strong></span> <span class='ocrx_word' id='word_1_349' title='bbox 697 3861 847 3930; x_wconf 85' lang='lat' dir='ltr'><strong>depellere.</strong></span> <span class='ocrx_word' id='word_1_350' title='bbox 884 3856 1023 3925; x_wconf 85' lang='lat' dir='ltr'><strong>Quoniam</strong></span> <span class='ocrx_word' id='word_1_351' title='bbox 1043 3855 1127 3921; x_wconf 77' lang='lat' dir='ltr'><strong>igitur</strong></span> <span class='ocrx_word' id='word_1_352' title='bbox 1144 3867 1188 3902; x_wconf 88' lang='lat' dir='ltr'><strong>res</strong></span> 
     </span>
     <span class='ocr_line' id='line_1_40' title="bbox 98 3921 1188 4002; baseline -0.007 -20"><span class='ocrx_word' id='word_1_353' title='bbox 98 3932 106 3982; x_wconf 92' lang='lat' dir='ltr'><strong>i</strong></span> <span class='ocrx_word' id='word_1_354' title='bbox 127 3951 155 3984; x_wconf 88' lang='lat' dir='ltr'><strong><em>sa</em></strong></span> <span class='ocrx_word' id='word_1_355' title='bbox 174 3935 324 3998; x_wconf 81' lang='lat' dir='ltr'><strong>clamaret,</strong></span> <span class='ocrx_word' id='word_1_356' title='bbox 341 3935 444 3986; x_wconf 86' lang='lat' dir='ltr'><strong>iustum</strong></span> <span class='ocrx_word' id='word_1_357' title='bbox 460 3935 565 4002; x_wconf 85' lang='lat' dir='ltr'><strong>pariter</strong></span> <span class='ocrx_word' id='word_1_358' title='bbox 581 3939 611 3985; x_wconf 88' lang='lat' dir='ltr'><strong><em>et</em></strong></span> <span class='ocrx_word' id='word_1_359' title='bbox 628 3933 697 3984; x_wconf 85' lang='lat' dir='ltr'><strong>utile</strong></span> <span class='ocrx_word' id='word_1_360' title='bbox 714 3947 746 3984; x_wconf 86' lang='lat' dir='ltr'><strong><em>ao</em></strong></span> <span class='ocrx_word' id='word_1_361' title='bbox 762 3929 942 3982; x_wconf 85' lang='lat' dir='ltr'><strong>necessarium</strong></span> <span class='ocrx_word' id='word_1_362' title='bbox 960 3924 1015 3977; x_wconf 87' lang='lat' dir='ltr'><strong>sibi</strong></span> <span class='ocrx_word' id='word_1_363' title='bbox 1032 3921 1135 3986; x_wconf 82' lang='lat' dir='ltr'><strong>videri,</strong></span> <span class='ocrx_word' id='word_1_364' title='bbox 1153 3937 1188 3974; x_wconf 79' lang='lat' dir='ltr'><strong><em>cx</em></strong></span> 
     </span>
     <span class='ocr_line' id='line_1_41' title="bbox 116 3991 1190 4075; baseline -0.013 -20"><span class='ocrx_word' id='word_1_365' title='bbox 116 4003 217 4068; x_wconf 89' lang='lat' dir='ltr'><strong>uohns,</strong></span> <span class='ocrx_word' id='word_1_366' title='bbox 243 4021 313 4075; x_wconf 85' lang='lat' dir='ltr'><strong>quac</strong></span> <span class='ocrx_word' id='word_1_367' title='bbox 340 4004 574 4065; x_wconf 85' lang='lat' dir='ltr'><strong>desiderarentur,</strong></span> <span class='ocrx_word' id='word_1_368' title='bbox 600 4004 716 4055; x_wconf 87' lang='lat' dir='ltr'><strong>alterum</strong></span> <span class='ocrx_word' id='word_1_369' title='bbox 736 3998 859 4054; x_wconf 85' lang='lat' dir='ltr'><strong>concedi.</strong></span> <span class='ocrx_word' id='word_1_370' title='bbox 885 4001 1035 4065; x_wconf 85' lang='lat' dir='ltr'><strong>imperator</strong></span> <span class='ocrx_word' id='word_1_371' title='bbox 1056 3991 1190 4062; x_wconf 84' lang='lat' dir='ltr'><strong>postulati</strong></span> 
     </span>
     <span class='ocr_line' id='line_1_42' title="bbox 94 4061 1189 4145; baseline -0.011 -21"><span class='ocrx_word' id='word_1_372' title='bbox 94 4077 293 4129; x_wconf 65' lang='lat' dir='ltr'><strong>necesffltem</strong></span> <span class='ocrx_word' id='word_1_373' title='bbox 306 4082 346 4127; x_wconf 81' lang='lat' dir='ltr'><strong><em>ct</em></strong></span> <span class='ocrx_word' id='word_1_374' title='bbox 363 4073 532 4145; x_wconf 81' lang='lat' dir='ltr'><strong>patriarchae</strong></span> <span class='ocrx_word' id='word_1_375' title='bbox 557 4076 801 4144; x_wconf 81' lang='lat' dir='ltr'><strong>episcoporumque</strong></span> <span class='ocrx_word' id='word_1_376' title='bbox 816 4071 853 4120; x_wconf 87' lang='lat' dir='ltr'><strong>in</strong></span> <span class='ocrx_word' id='word_1_377' title='bbox 874 4085 906 4120; x_wconf 90' lang='lat' dir='ltr'><strong><em>co</em></strong></span> <span class='ocrx_word' id='word_1_378' title='bbox 926 4064 1049 4136; x_wconf 81' lang='lat' dir='ltr'><strong>urgendo</strong></span> <span class='ocrx_word' id='word_1_379' title='bbox 1068 4061 1189 4116; x_wconf 87' lang='lat' dir='ltr'><strong>stodiam</strong></span> 
     </span>
    </p>
   </div>
   <div class='ocr_carea' id='block_1_3' title="bbox 94 4133 1190 4286">
    <p class='ocr_par' dir='ltr' id='par_1_3' title="bbox 94 4133 1190 4286">
     <span class='ocr_line' id='line_1_43' title="bbox 94 4133 1189 4218; baseline -0.014 -21"><span class='ocrx_word' id='word_1_380' title='bbox 94 4145 285 4215; x_wconf 80' lang='lat' dir='ltr'><strong>perspiciens,</strong></span> <span class='ocrx_word' id='word_1_381' title='bbox 299 4154 429 4214; x_wconf 86' lang='lat' dir='ltr'><strong>nepotem</strong></span> <span class='ocrx_word' id='word_1_382' title='bbox 445 4144 558 4218; x_wconf 85' lang='lat' dir='ltr'><strong>quidem</strong></span> <span class='ocrx_word' id='word_1_383' title='bbox 577 4141 612 4196; x_wconf 90' lang='lat' dir='ltr'><strong><em>ad</em></strong></span> <span class='ocrx_word' id='word_1_384' title='bbox 629 4147 659 4196; x_wconf 68' lang='grc' dir='ltr'><strong><em>ιθ</em></strong></span> <span class='ocrx_word' id='word_1_385' title='bbox 675 4144 771 4195; x_wconf 77' lang='lat' dir='ltr'><strong>venire</strong></span> <span class='ocrx_word' id='word_1_386' title='bbox 790 4148 838 4194; x_wconf 84' lang='lat' dir='ltr'><strong><em>aut</em></strong></span> <span class='ocrx_word' id='word_1_387' title='bbox 854 4135 1036 4210; x_wconf 75' lang='lat' dir='ltr'><strong>patriarcham</strong></span> <span class='ocrx_word' id='word_1_388' title='bbox 1056 4133 1091 4186; x_wconf 88' lang='lat' dir='ltr'><strong><em>ed</em></strong></span> <span class='ocrx_word' id='word_1_389' title='bbox 1109 4133 1189 4185; x_wconf 85' lang='lat' dir='ltr'><strong>ilium</strong></span> 
     </span>
     <span class='ocr_line' id='line_1_44' title="bbox 95 4203 1190 4286; baseline -0.012 -18"><span class='ocrx_word' id='word_1_390' title='bbox 95 4214 174 4269; x_wconf 81' lang='lat' dir='ltr'><strong>ahira</strong></span> <span class='ocrx_word' id='word_1_391' title='bbox 189 4216 295 4268; x_wconf 76' lang='lat' dir='ltr'><strong>vetuit:</strong></span> <span class='ocrx_word' id='word_1_392' title='bbox 310 4217 524 4271; x_wconf 74' lang='grc' dir='ltr'><strong><em>ιιιιιιιισιειιιιιι</em></strong></span> <span class='ocrx_word' id='word_1_393' title='bbox 534 4229 707 4286; x_wconf 80' lang='grc' dir='ltr'><strong><em>ιιιοοριιιε</em></strong></span> <span class='ocrx_word' id='word_1_394' title='bbox 718 4213 846 4282; x_wconf 83' lang='lat' dir='ltr'><strong>pretium,</strong></span> <span class='ocrx_word' id='word_1_395' title='bbox 861 4209 911 4264; x_wconf 82' lang='lat' dir='ltr'><strong><em>aad</em></strong></span> <span class='ocrx_word' id='word_1_396' title='bbox 922 4216 953 4261; x_wconf 85' lang='lat' dir='ltr'><strong>ut</strong></span> <span class='ocrx_word' id='word_1_397' title='bbox 966 4219 1001 4259; x_wconf 84' lang='lat' dir='ltr'><strong><em>cx</em></strong></span> <span class='ocrx_word' id='word_1_398' title='bbox 1016 4203 1153 4279; x_wconf 85' lang='lat' dir='ltr'><strong>episcopis</strong></span> <span class='ocrx_word' id='word_1_399' title='bbox 1162 4207 1190 4256; x_wconf 79' lang='lat' dir='ltr'><strong><em>ct</em></strong></span> 
     </span>
    </p>
   </div>
   <div class='ocr_carea' id='block_1_4' title="bbox 169 4293 992 4360">
    <p class='ocr_par' dir='ltr' id='par_1_4' title="bbox 169 4293 992 4360">
     <span class='ocr_line' id='line_1_45' title="bbox 169 4293 992 4360; baseline -0.019 -2"><span class='ocrx_word' id='word_1_400' title='bbox 169 4303 395 4360; x_wconf 74' lang='lat' dir='ltr'><strong>Camasursrrur.</strong></span> <span class='ocrx_word' id='word_1_401' title='bbox 961 4293 992 4350; x_wconf 81' lang='lat'><strong><em>15</em></strong></span> 
     </span>
    </p>
   </div>
   <div class='ocr_carea' id='block_1_5' title="bbox 0 0 1540 4922">
    <p class='ocr_par' dir='ltr' id='par_1_5' title="bbox 0 0 1540 4922">
     <span class='ocr_line' id='line_1_46' title="bbox 0 0 1540 4922; baseline 0 0"><span class='ocrx_word' id='word_1_402' title='bbox 0 0 1540 4922; x_wconf 95' lang='lat' dir='ltr'><strong><em> </em></strong></span> 
     </span>
    </p>
   </div>
  </div>
 </body>
</html>
