3074 4946
452 284 739 354 msromaauu
768 291 809 354 n.
838 295 871 366 ο.
1128 260 1215 349 363
1279 327 1285 348 ,
1378 337 1381 346 .

136 433 336 521 Φιλοκρήνήν
347 437 560 522 συνελθόντες,
573 443 694 506 ἐκεῖθέν
707 463 741 505 τε
757 440 797 506 οδ
812 438 891 507 πολύ
909 431 1037 528 ducier
1050 441 1109 508 τού
1124 445 1364 531 «immerito

135 537 271 600 τοπέδου
287 531 432 622 Ὀρχύνή
449 536 625 624 παριόντες,
646 534 746 626 ἦλθον
760 544 806 616 εἰς
817 540 1006 624 Σιουτύριον
1024 539 1081 605 καί
1092 543 1221 628 δπεραι.
1371 513 1380 550 ⁸

134 633 267 716 ω’θησαν
289 636 335 710 εἰς
349 634 528 714 Βυζάντιον
548 633 650 715 ἀδεῶς
668 641 790 704 ἐκεῖθέν
812 663 846 704 τε
864 636 1069 724 ἀνεχώρησαν
1091 642 1221 719 ἕκαστος

136 732 186 796 ἐπ’
211 727 308 796 οἴκου.
327 732 477 814 βασιλεύς
491 738 527 800 δὲ
538 735 610 813 τούς
628 739 672 814 εἰς
690 735 724 804 τύ
741 736 954 824 στρατόπεδον
968 735 1220 823 διαδρολλήσαν-

111 823 192 906 ὅτας
218 829 262 905 ὡς
283 831 461 916 ἐτεθνήκει,
495 835 529 899 ἐν
552 835 669 912 αι’τίαις
692 840 752 920 μὲν
771 836 938 922 ἐποιήσατο
956 840 1012 901 καί
1029 835 1221 923 κατηγόρησε

131 925 233 992 πολλὰ
242 979 252 1010 ,
275 929 380 996 ούκὲτι
398 933 433 996 δὲ
450 936 506 998 κατ’
521 932 737 1020 ἐτιμωρήσατο
756 936 852 1015 οἷξίως
867 939 924 1021 τῆς
939 933 1127 1022 κακουργίαις
1141 931 1218 1000 δαυ-Ι

129 1027 215 1107 τῶν,
250 1028 314 1092 δέει
335 1033 395 1092 τού
413 1029 458 1116 μή
480 1034 581 1098 δοκεῖν
603 1036 649 1123 τῷ
672 1029 752 1122 πρύς
780 1031 834 1100 τύν
854 1030 981 1099 πάππον
1004 1036 1060 1099 καί
1084 1035 1250 1124 βασιλδαῦ

129 1121 222 1208 ἔχθει
240 1121 419 1209 ἀμύνεσθαι
442 1129 566 1206 αύτούς.

215 1222 258 1291 e'.
295 1219 426 1312 Ὀλίγας
453 1231 488 1296 δὲ
511 1228 719 1318 ἐνδιατρίψας
734 1226 855 1320 ἡμέρας
872 1233 1055 1322 Βυζανειλρ,
1076 1233 1146 1298 ἐπεὶ
1163 1235 1220 1298 καί

84 1316 151 1388 aod
169 1323 274 1411 μήρύς
291 1325 380 1414 αύτῷ
395 1323 459 1392 ύπδ
480 1332 538 1395 τού
559 1327 737 1417 τραύματος
752 1326 836 1416 εἶχεν
855 1328 970 1416 ύγιιὸς,
1001 1328 1137 1410 ἐξελθών
1158 1323 1218 1415 ἧλ-

126 1428 188 1488 eu
205 1425 251 1499 εἰς
267 1423 501 1511 Διδυμύτειχον
523 1427 580 1493 καί
600 1426 640 1495 τύ
660 1428 734 1517 περὶ
755 1430 813 1515 τήν
835 1431 1021 1518 Ἀδριανοῦ.
1050 1427 1217 1517 διατρίβων

127 1524 166 1588 δὲ
183 1524 262 1606 ἐκεῖ,
297 1527 352 1589 καί
376 1525 508 1593 πάντοτε
531 1530 591 1610 μὲν
610 1526 712 1614 ἡδέως
733 1525 800 1612 εἶχε
827 1534 872 1620 τῷ
895 1531 1020 1618 μεγάλῳ
1046 1527 1217 1618 δομεστίκῳ

126 1631 270 1686 συνεῖναι
284 1627 340 1688 καί
353 1619 490 1710 ὁμιλεῖν,
513 1627 557 1705 uic
573 1632 629 1694 καί
648 1627 844 1716 διημερεύειν
860 1624 976 1706 αύτούς
992 1631 1140 1704 πυλλδκις
1153 1627 1303 1696 natm

126 1721 381 1809 διανυκτερεύειν
407 1727 442 1790 ἐν
468 1735 540 1804 ταῖς
568 1723 714 1809 ὁμιλίαις·
750 1727 806 1792 καί
830 1728 899 1792 τότε
922 1731 958 1792 δὲ
978 1727 1094 1810 ὁμιλῶν
1119 1727 1216 1815 αύτῷ,

88 1820 186 1903 ι5τῆς
217 1821 356 1904 ἀρχαίας
379 1847 414 1888 τε
442 1820 670 1912 ἆνεμιμνήσκεν
699 1823 800 1892 αύτόν
831 1825 912 1912 πρύς
935 1827 1090 1913 ἀλλήλους
1108 1823 1217 1913 φιλίας

126 1917 182 1982 κατ’
199 1925 256 2004 τῆς
270 1920 428 2008 κατάκρας
450 1927 626 2011 συναφείας
642 1920 701 1990 ούκ
727 1928 761 1992 ἐν
779 1927 943 2014 παρέργῳ,
963 1921 1045 1990 diti
1065 1923 1146 2008 μετύ
1167 1947 1217 1989 τε-

102 2041 179 2092 ·νος
200 2021 364 2104 φροντιδος
391 2024 447 2088 καί
466 2025 625 2110 σπουδής,
661 2023 716 2089 καί
739 2017 785 2090 οἷν
809 2028 912 2114 μικρῷ
934 2022 1070 2112 πρόσθεν
1097 2019 1216 2108 εἰρήκει

124 2114 205 2203 πρὸς
223 2114 338 2203 αύτδν,
367 2115 421 2188 dre
441 2124 516 2208 περί
531 2121 709 2212 Συρνιύννη
730 2125 829 2190 ἐδεῖτο
846 2127 903 2210 τῆς
917 2122 1038 2210 εἱρκτῆς
1052 2117 1220 2206 ἆπολυθήα

124 2241 202 2301 ναι,
231 2218 289 2302 ιὸς,
321 2212 392 2288 ούτ’
410 2215 451 2288 du
476 2220 576 2310 εἴητε
598 2225 661 2290 τῶν
687 2224 811 2290 πάντων
839 2219 959 2290 duaco*
978 2225 1105 2308 γνιύμην
1131 2222 1216 2310 αύτῷ

80 2322 313 2402 υοπραχδήναι
338 2313 372 2385 δν
382 2319 493 2400 Ιαδτὸν
509 2323 661 2408 ἐθελήσαι
680 2315 720 2387 ἅν
735 2347 807 2388 ποτε
821 2327 961 2389 κωλῦσαι
970 2374 980 2405 ,
1001 2315 1081 2388 ἀλλὰ
1098 2344 1216 2406 συγκα-

123 2417 337 2501 τεργάσεσδαι
359 2419 442 2508 πάσῃ
461 2423 601 2508 σπουδῇ,
631 2413 706 2498 ούτε
723 2424 754 2487 εἰ
776 2419 857 2486 κατὰ
876 2420 913 2506 δή
937 2447 1008 2486 τινα
1025 2415 1142 2507 τρόπον
1159 2417 1216 2482 δύ,-

123 2519 207 2592 ξειεν
226 2516 314 2606 αύτῷ
329 2519 385 2602 τής
410 2520 511 2596 οἰκίας
526 2521 709 2586 οἷποστύντα
729 2525 785 2587 καί
807 2518 968 2606 φιλτάτων
992 2517 1048 2584 καί
1068 2514 1215 2603 γυναικὸς
1259 2579 1261 2582 .

123 2616 181 2678 καί
200 2614 390 2695 συμπάντων
418 2619 516 2684 εἰπεῖν
535 2617 729 2704 χρημάτων,
766 2621 816 2686 ἐπ’
840 2617 1008 2706 ἀλλοτρίας
1031 2617 1244 2701 διατριβειν,Β
1279 2611 1281 2619 ὁ

123 2710 319 2800 δυνήσεσθαι
347 2707 388 2782 ύν
412 2739 488 2782 ποτε
519 2713 759 2804 ἀποστήσεσθαι
786 2713 906 2803 αύτοδ,
950 2713 1031 2784 ἀλλὰ
1064 2713 1122 2800 τήν
1154 2717 1215 2800 μὲν

121 2923 179 2960 nen
207 2909 349 2964 convenit:
378 2907 499 2983 indeque
522 2928 579 2964 non
602 2909 698 2979 procul
722 2911 848 2962 acaatrir
874 2906 1006 2962 Orehanla
1035 2914 1215 2973 transeunter,

121 2979 276 3032 scutarium
289 2991 476 3046 accerserunt,⁴
490 2989 519 3034 et
534 2981 691 3050 Byzantium
710 2981 799 3034 libert
816 2980 992 3043 traiecerunt,
1009 2979 1081 3032 unde
1100 2979 1135 3032 ad
1152 2995 1216 3030 auor

145 3049 242 3120 uisque
269 3051 338 3106 lorea
357 3053 493 3105 remearit.
529 3053 679 3122 Imperator
698 3068 758 3114 cor,
785 3050 885 3122 quide
904 3060 989 3102 morte
1008 3051 1104 3102 anain
1122 3048 1216 3101 δειλοῖο

121 3068 247 3174 ὁοὴυλειυ
267 3123 486 3184 disseminarunt,
504 3124 626 3174 criminin
645 3121 792 3174 damnabat
809 3122 858 3173 ille
875 3119 986 3202 quidem
998 3135 1160 3192 magnopere
1182 3133 1218 3170 ue

120 3191 279 3246 accurabat:
300 3201 464 3247 nontamen
483 3208 533 3262 pro
551 3193 650 3246 merito
667 3193 819 3260 multabat;
842 3199 942 3246 veritur
960 3191 1080 3257 scilicet,
1097 3207 1133 3242 ne
1151 3207 1167 3241 o
1190 3189 1216 3243 ὀ

119 3263 166 3316 avi
184 3261 214 3314 id
235 3263 322 3317 lacere
340 3263 486 3315 videretur.

193 3349 218 3403 ρ,
255 3333 359 3386 Diebus
383 3351 439 3386 non
463 3333 532 3386 adeo
550 3333 644 3387 multia
661 3333 787 3404 Byzantii
813 3338 1007 3394 commoratur,
1032 3331 1135 3385 leniore
1160 3329 1219 3382 iam

120 3412 283 3472 petronate,
301 3403 525 3471 Didymotichum
544 3413 573 3458 et
591 3403 788 3474 Adrianopolin
807 3404 933 3461 excurrit.
968 3403 1027 3466 lbi,
1057 3419 1119 3456 cum
1137 3409 1219 3454 autea

120 3489 232 3543 semper
251 3491 312 3526 cum
332 3491 429 3544 magno
447 3474 596 3528 domestico
615 3483 671 3526 tam
691 3472 811 3527 iucunde
828 3473 859 3525 in
877 3489 1001 3527 termene
1021 3472 1121 3528 vernari
1144 3471 1219 3524 role-

121 3550 180 3604 rct,
200 3553 231 3597 ut
250 3561 329 3614 saepe
348 3545 424 3608 dier,
443 3562 526 3614 caepe
547 3554 640 3598 noctes
659 3544 860 3598 confabulando
886 3553 1124 3607 connumerentur,
1152 3542 1219 3594 dum

122 3613 302 3668 collocutioni
325 3624 440 3679 vacant,
466 3617 567 3668 reteria
594 3615 732 3668 amicitiae
762 3624 790 3668 et
816 3615 981 3667 arctissimae
1006 3612 1219 3674 coniunctionis,

120 3701 179 3736 non
191 3703 240 3754 per
252 3693 436 3748 transennam,
454 3684 503 3739 aed
521 3687 638 3757 cogitato
657 3687 737 3739 etde
758 3681 893 3738 induatria
913 3701 975 3738 eum
992 3682 1219 3737 commonefacit:

121 3754 234 3807 illorum
253 3763 411 3826 praeterea,
428 3773 498 3828 quae
515 3757 671 3826 nuperrime
689 3773 737 3822 pro
760 3755 908 3824 Syrgianne
925 3771 940 3805 e
956 3771 1060 3806 carcere
1074 3749 1219 3806 liberando

121 3827 229 3894 roganti
246 3827 437 3896 responderat:
457 3825 530 3878 nihil
548 3829 659 3895 penitus
677 3826 736 3878 sore
754 3826 874 3886 scilieet,
902 3822 977 3894 quod
1003 3824 1026 3876 ei
1052 3824 1101 3875 ille
1118 3821 1221 3874 luctum

120 3897 224 3959 vellet,
250 3913 305 3949 non
333 3897 405 3949 idern
430 3897 495 3967 ipre.
515 3899 614 3964 vellet;
642 3905 669 3950 et
686 3898 716 3948 in
732 3914 790 3967 quo
808 3894 947 3947 efficiendo
967 3911 1023 3946 non
1043 3895 1125 3946 etiam
1144 3891 1221 3943 omni

121 3966 216 4018 »tudio
235 3967 403 4020 elaboraret:
422 3983 511 4039 neque
531 3969 554 4020 ri
573 3985 628 4039 quo
648 3965 730 4018 modo
749 3967 843 4018 relicta
862 3967 965 4034 patria,
987 3980 1087 4026 uxore,
1112 3960 1219 4026 liberio,

123 4035 246 4108 denique
264 4038 345 4090 rebor
364 4037 508 4099 omnibus,
526 4039 633 4090 incolo
652 4037 795 4106 peregrino
815 4051 910 4086 aarum
931 4033 1071 4088 traducere
1090 4033 1222 4086 instituc-

124 4115 178 4170 ret,
198 4125 277 4178 porse
296 4125 415 4178 unquam
435 4107 470 4160 ab
489 4123 522 4159 eo
540 4108 649 4160 divelli:
669 4106 718 4159 ecd
734 4106 810 4175 priua
829 4123 891 4158 eum
909 4104 1069 4168 docturum,
1090 4119 1171 4175 quam
1188 4099 1220 4154 id

123 4178 318 4250 intempestive
337 4187 420 4254 atque
437 4179 588 4236 insolenter
606 4177 716 4233 laceret
758 4175 788 4230 Si
806 4175 841 4230 aa
859 4179 913 4230 iata
928 4174 1080 4249 cupiditate
1097 4179 1218 4228 avertere
1256 4197 1259 4208 ·
