3082 4940
438 312 723 380 ursnomsams
749 317 789 378 n.
810 317 862 388 ιε.
1102 285 1185 373 5ι3

179 467 225 531 λέ.
261 465 298 532 Ὁ
323 467 422 550 μέγας
449 469 485 532 δὲ
505 470 687 550 δομέστικος
707 474 903 561 μεμνημένος
925 469 969 547 τίς
993 468 1336 554 Καβασιλαςλ.0.133ις

97 563 216 646 οὑτοσί,
228 558 278 630 ὅτε
290 563 628 655 πρῶτονἎκαρνανάιν
639 571 887 658 προσεποιήσατο
900 565 987 661 oricoli
999 569 1017 636 ὅ
1029 568 1189 656 βασιλευς,

96 663 197 729 πολλὰ
228 666 327 731 αὐτοῦ
357 668 510 744 πολλάκις
536 668 655 755 &ded-‘lq
682 679 748 746 τοῖς
780 668 887 756 φίλοις
907 672 1191 756 συναριθμηθηναι

98 759 203 828 αὐτοῦ
222 768 360 843 καὶτοῖς
384 769 528 850 οἰκείοις,
557 767 614 832 καί
632 772 749 854 πολλῆς
769 769 932 834 ἀπέλαυσε
958 771 1107 856 προνοίας
1135 769 1192 852 τῆς

78 857 201 927 ὄαάτοῦ
228 869 409 943 πεισθέντος
436 864 514 953 πρὸς
543 865 599 952 τη“ν
630 866 771 954 αἴτησιν,
813 867 943 946 ἐλπίσας
970 870 1006 934 τέ
1026 893 1059 932 τι
1079 868 1117 933 ἐκ
1133 871 1191 954 τῆς
1243 910 1249 920 -

96 962 177 1050 πρὸς
196 963 298 1030 αὐτὸν
328 964 458 1032 άνάσειν
480 970 654 1050 Καβαοιλα
677 969 803 1055 φιλίας,
831 971 895 1034 τῶν
916 967 1038 1034 οἰκείαν
1059 968 1282 1054 σ’λίγοοςΡῶλλ

95 1063 314 1149 παραλαβών,
340 1057 439 1152 ἦλθεν
468 1069 512 1143 είς
538 1064 655 1153 Ῥωγοά.
696 1071 886 1152 Καβασίλας
907 1073 939 1134 δ’
959 1068 1029 1135 ἐπεὶ
1048 1063 1110 1134 άπό
1132 1069 1192 1135 τοῦ

95 1163 223 1250 τείχους
249 1158 335 1251 ὲάρα
363 1167 556 1250 προσιόντα,
586 1171 719 1250 πέμψας
739 1169 863 1252 ἐδεῖτο,
892 1166 937 1254 μή
959 1167 1052 1254 ἐγγύς
1073 1173 1190 1253 τειχῶν

95 1265 253 1350 γενέσθαι.
274 1259 296 1350 ἢ
315 1263 376 1351 γάρ
399 1263 521 1350 άνάγιιη
542 1265 772 1352 συντυγχάνειν
794 1265 883 1353 παρά
903 1265 1046 1354 γνώμην,
1069 1271 1192 1355 (nenes-

56 1368 185 1431 ιοιιίναι
215 1361 274 1452 γάρ
307 1359 421 1430 ἑαυτὸν
449 1367 599 1444 καθάπαξ
628 1363 827 1454 άφίστασθαι
843 1364 1037 1456 ‘Populum
1058 1361 1079 1452 ἢ
1101 1367 1193 1432 duro-
1247 1399 1254 1424 o

94 1469 248 1530 θεῖσθαι·
269 1460 286 1529 ὃ
306 1463 362 1528 καί
381 1463 460 1530 αὐτά
493 1463 610 1543 παντὸς
636 1469 872 1554 ἐπαχθέστερον
894 1470 1012 1549 κακοῦ,
1042 1469 1098 1532 καί
1129 1462 1193 1551 οὐχ

94 1559 211 1651 ἥκιστα
231 1561 347 1642 παντὸς
367 1563 599 1652 αὐιαράτερον.
624 1562 640 1632 ὃ
660 1569 759 1650 μέγας
782 1569 818 1633 δὲ
840 1569 1024 1647 (λομίστιιιος
1045 1565 1139 1633 οὐδὲν
1159 1563 1192 1630 ἔ-

95 1685 200 1750 φασκε
225 1660 298 1738 τούς
325 1662 437 1746 λόγους
457 1661 541 1730 εἶναι
562 1663 641 1752 πρὸς
662 1665 771 1731 αὐτόν.
815 1662 910 1742 αὐτὸς
929 1663 989 1751 γάρ
1006 1663 1192 1748 ἐπαγγειλά-

93 1767 188 1844 μενος
209 1761 382 1852 Kadousioi
413 1757 495 1830 εἶναι
517 1765 609 1852 φιλας
616 1815 626 1846 ,
655 1764 695 1830 τά
725 1765 921 1852 προσήκοντα
942 1767 1047 1851 φίλοις
1065 1763 1112 1851 μὴ
1135 1787 1192 1828 και

54 1868 213 1933 ι5τοκνεῖν
232 1871 344 1928 ποιεῖν.
388 1859 428 1928 άν
449 1862 480 1928 δ’
502 1863 603 1940 αυτὸς
623 1867 783 1950 διαθῆται
806 1865 994 1950 προσιόντα,
1019 1867 1057 1953 τῇ
1078 1857 1190 1950 σφετίό

94 1986 138 2048 ρρι
159 1962 235 2050 άάξη
256 1968 488 2044 λυμανεῖσθαι,
513 1965 682 2048 α’γνώμονα
696 1965 772 2048 περί
792 1961 868 2041 rode
890 1966 1004 2050 φιλους
1044 1961 1100 2026 καί
1128 1959 1213 2046 ιη’νΒ

92 2059 223 2146 γνώμην
243 2055 456 2144 εὐμετάβολον
475 2061 709 2129 άποδεικνάντα
721 2060 857 2147 ἑαυτὸν,
878 2061 934 2129 καί
953 2067 1056 2128 ταῦτα
1076 2057 1191 2148 πρότε-

96 2182 155 2246 ρον
174 2158 272 2225 αὐτὸν
293 2163 448 2247 δεηθέντα
477 2163 532 2228 καί
551 2168 701 2229 πείσαντα
722 2173 788 2238 τοῖς
816 2163 920 2250 φίλοις
939 2172 1007 2238 τοῖς
1026 2163 1113 2242 ἐμοῖς
1134 2185 1193 2224 κα·

93 2261 308 2345 ταγραφῆναι.
357 2265 548 2346 Καβασίλας
581 2265 616 2328 δὲ
647 2265 704 2327 καί
733 2259 828 2338 αὐτὸς
858 2263 1090 2348 διϊσχυρίζετο,
1111 2258 1191 2343 μήτε

47 2355 289 2442 ςοβοάλεσθαι,
320 2359 402 2446 μήτε
431 2362 590 2429 δύνασθαι
609 2362 666 2449 την
686 2360 763 2450 πρὸς
785 2359 883 2428 αὐτὸν
905 2359 1015 2448 φιλίαν
1037 2353 1192 2440 ἀπειπεῖν,

92 2459 161 2522 καί·
179 2457 268 2524 δεινοὶ
303 2458 436 2545 πάσχειν
476 2461 532 2527 καί
549 2465 588 2548 τῇ
609 2460 690 2549 πρὸς
711 2461 808 2528 αὐτὸν
830 2459 922 2550 φιλίη
943 2461 1188 2545 τυραννεῖσθαι,

93 2557 135 2623 οὗ
165 2563 303 2649 μετρίοις
335 2556 527 2646 άνιάμενον,
557 2559 607 2628 ὅτι
633 2562 678 2650 μη
702 2566 744 2628 δι’
764 2559 882 2651 lucrosi
904 2559 1021 2641 αάτός,
1043 2555 1290 2634 distortam

167 2716 193 2754 a.
211 2697 353 2765 ποιήσατο
372 2699 522 2770 legebatur.
562 2717 602 2759 ro.
620 2698 838 2754 ἀποθανεῖσθαι
853 2695 924 2752 cont
947 2697 1002 2751 El).
1018 2695 1048 2751 P.
1062 2673 1193 2763 idemque

164 2768 232 2838 legit
258 2773 360 2841 tuton:
380 2789 446 2824 nam
468 2771 611 2824 induxisse
643 2773 675 2824 irs
699 2774 822 2826 animum
843 2771 942 2834 remei,
974 2785 1034 2822 cum
1055 2765 1190 2820 Romanis

164 2841 208 2892 nil
221 2839 324 2896 lsabcre
343 2843 469 2913 negotii,
496 2853 546 2895 aut
569 2843 664 2896 emori.
683 2841 765 2894 Male.

166 2961 208 3018 35.
243 2961 358 3032 Magnus
378 2969 469 3014 autem
490 2959 677 3026 donecdone,
695 2977 799 3014 memor
816 2959 954 3032 quomodo
973 2957 1019 3010 iric
1038 2953 1189 3020 camsiles,

92 3045 157 3083 cum
175 3033 293 3101 primum
311 3033 491 3086 Acarnaniam
511 3035 646 3102 reciperet
669 3035 835 3100 imperator,
856 3047 937 3098 saepe
955 3030 1126 3098 multumque
1142 3043 1190 3078 ro·

91 3110 196 3172 gasset,
214 3105 256 3156 uti
277 3121 340 3156 cum
359 3104 452 3156 amicis
481 3119 512 3155 ac
534 3103 717 3156 familiaribus
743 3105 800 3154 suis
834 3103 981 3170 allegeret,
1014 3106 1043 3150 et
1063 3116 1118 3169 quo
1140 3115 1191 3166 pa-

91 3179 139 3224 cto
160 3174 219 3224 eius
237 3174 369 3243 petitioni
388 3187 521 3238 annuens,
543 3191 592 3226 sua
610 3189 673 3226 cura
686 3191 717 3226 ac
730 3171 904 3246 providentia
918 3169 1049 3242 singulari
1063 3185 1190 3238 magnum

89 3243 203 3295 homini
221 3245 339 3298 fructum
358 3245 514 3308 attulisset,
534 3255 723 3317 conceptaque
742 3261 808 3312 spe,
829 3251 942 3312 propter
960 3255 1020 3292 cnm
1040 3237 1189 3292 amicitiam

88 3313 200 3384 aliquid
237 3321 411 3378 offecturum,
447 3316 542 3386 paucis
577 3317 720 3369 comitatus
757 3313 940 3367 familiaribus
966 3311 1089 3382 lthogum
1122 3308 1188 3360 adit.

89 3381 233 3439 Cnbasilas
261 3385 435 3440 accedentem
462 3385 496 3438 dc
521 3405 600 3440 muro
619 3388 810 3456 conspicatus,
828 3386 902 3438 misit
922 3390 1042 3446 orntum,
1070 3397 1104 3432 ne
1121 3397 1190 3449 pro-

88 3458 158 3526 pius
183 3459 292 3510 moenia
317 3461 439 3510 veniret:
468 3475 531 3512 nam
559 3467 608 3510 aut
632 3467 726 3511 contra
752 3458 873 3508 animum
898 3453 952 3506 sibi
972 3449 1189 3524 colloquendum

90 3540 172 3590 esse,
205 3545 264 3578 cuns
283 3529 367 3580 semel
385 3529 545 3593 statuisset,
579 3546 641 3581 cnm
661 3529 788 3580 Romanis
818 3529 860 3579 nil
877 3524 980 3577 hahere
1000 3523 1121 3594 negotll;
1141 3524 1190 3571 arrt

90 3615 159 3650 eum
174 3597 313 3666 depellere
326 3615 354 3650 se
366 3609 510 3670 oportere:
530 3600 605 3670 qnod
619 3601 742 3650 omnium
755 3599 887 3652 malorum
904 3596 1107 3650 odiosissimum
1117 3595 1190 3642 esset

91 3676 180 3738 atque
200 3670 396 3723 tristissimum.
433 3672 504 3723 Tum
521 3687 634 3740 magnos
653 3667 827 3734 domesticus,
847 3669 919 3720 nihil
938 3665 972 3718 ad
991 3681 1020 3716 se
1038 3665 1089 3716 ista
1107 3661 1189 3714 verba

89 3739 243 3810 pertinere.
290 3741 356 3792 Nam
381 3757 441 3792 cum
471 3757 499 3793 se
527 3741 670 3794 Cabnsllae
693 3744 809 3793 amicum
828 3741 887 3792 iore
906 3733 1115 3806 spopondltsetr
1132 3745 1189 3782 ¹¹⁰ss

89 3811 194 3881 pigrari
211 3809 329 3862 officium
348 3813 426 3863 amici
445 3821 590 3882 praestare.
628 3813 657 3864 Sl
677 3811 734 3880 ipsc
754 3829 782 3863 se
803 3809 1013 3862 convenientem
1031 3803 1188 3872 repelleret,

91 3879 209 3951 gloriam
232 3899 307 3934 suam
327 3889 534 3952 corrupturum,
560 3882 625 3934 dum
645 3890 731 3934 semet
755 3883 784 3932 in
803 3881 904 3932 smicos
924 3879 1125 3929 inconstantem
1144 3879 1188 3922 at·

91 3966 151 4022 que
169 3952 326 4026 improbum
346 3953 515 4006 ostenderet:
537 3970 597 4006 curn
616 3961 706 4004 tamen
725 3953 869 4021 petivisset
893 3951 968 4020 prius
997 3955 1026 3998 ct
1043 3946 1188 4067 ἰηηρειττε·

92 4029 200 4086 sct‚ut
218 4024 252 4074 ab
273 4041 305 4076 co
326 4023 355 4076 ln
375 4025 523 4076 amicorum
542 4040 685 4078 numerum
706 4023 861 4076 referretur.
899 4014 1038 4072 Cahasilas
1103 4031 1188 4068 rmore

92 4108 149 4144 nec
181 4094 252 4146 velle
280 4111 331 4147 nec
362 4111 443 4164 posse
468 4097 565 4148 initam
594 4111 656 4149 cum
686 4109 719 4146 eo
737 4093 887 4144 amicitiam
908 4096 1061 4141 retractare.
1100 4088 1133 4139 Et
1151 4087 1187 4139 ob

94 4179 160 4215 enm
177 4165 328 4217 excruciari
360 4175 389 4218 et
414 4166 494 4238 quasi
513 4163 686 4234 tyrannidem
705 4163 843 4234 quandam
868 4161 987 4232 experiri
1014 4157 1187 4210 contristari·

94 4247 154 4306 que
170 4251 228 4288 non
245 4235 431 4302 mediocriter,
449 4234 525 4309 quod
544 4253 601 4292 non
618 4236 678 4306 ipse
696 4247 747 4306 per
765 4251 804 4300 se,
822 4231 872 4287 sed
893 4245 943 4305 per
960 4229 1028 4284 alios
1047 4227 1100 4282 hoc
1117 4235 1188 4280 tem·

170 4339 391 4398 Cantacuzenus.
678 4357 680 4364 ‘
957 4337 990 4392 33
