<?xml version="1.0" encoding="UTF-8"?>
<!DOCTYPE html PUBLIC "-//W3C//DTD XHTML 1.0 Transitional//EN"
    "http://www.w3.org/TR/xhtml1/DTD/xhtml1-transitional.dtd">
<html xmlns="http://www.w3.org/1999/xhtml" xml:lang="en" lang="en">
 <head>
  <title>
</title>
<meta http-equiv="Content-Type" content="text/html;charset=utf-8" />
  <meta name='ocr-system' content='tesseract 3.04.00' />
  <meta name='ocr-capabilities' content='ocr_page ocr_carea ocr_par ocr_line ocrx_word'/>
</head>
<body>
  <div class='ocr_page' id='page_1' title='image "./ioanniscantacuz01niebgoog/ioanniscantacuz01niebgoog_0286.png"; bbox 0 0 3056 4922; ppageno 0'>
   <div class='ocr_carea' id='block_1_1' title="bbox 110 278 1325 552">
    <p class='ocr_par' dir='ltr' id='par_1_1' title="bbox 110 278 1325 552">
     <span class='ocr_line' id='line_1_1' title="bbox 423 278 1176 390; baseline -0.009 -18"><span class='ocrx_word' id='word_1_1' title='bbox 423 305 708 374; x_wconf 74' lang='lat' dir='ltr'>msaommora</span> <span class='ocrx_word' id='word_1_2' title='bbox 737 310 848 379; x_wconf 77' lang='grc' dir='ltr'><strong><em>ιιι..</em></strong></span> <span class='ocrx_word' id='word_1_3' title='bbox 1096 278 1176 390; x_wconf 81' lang='lat'><strong><em>237</em></strong></span> 
     </span>
     <span class='ocr_line' id='line_1_2' title="bbox 110 427 1325 552; baseline -0.002 -23"><span class='ocrx_word' id='word_1_4' title='bbox 110 457 204 550; x_wconf 82' lang='grc' dir='ltr'><strong><em>ὀρκοις</em></strong></span> <span class='ocrx_word' id='word_1_5' title='bbox 218 459 280 549; x_wconf 75' lang='grc' dir='ltr'><strong><em>γὰρ</em></strong></span> <span class='ocrx_word' id='word_1_6' title='bbox 291 463 475 550; x_wconf 83' lang='grc' dir='ltr'><strong><em>γέγραπται,</em></strong></span> <span class='ocrx_word' id='word_1_7' title='bbox 495 427 541 540; x_wconf 69' lang='grc' dir='ltr'><strong><em>οἷς</em></strong></span> <span class='ocrx_word' id='word_1_8' title='bbox 558 456 599 528; x_wconf 74' lang='lat' dir='ltr'><strong><em>ais</em></strong></span> <span class='ocrx_word' id='word_1_9' title='bbox 618 464 654 528; x_wconf 87' lang='grc' dir='ltr'><strong><em>ἐκ</em></strong></span> <span class='ocrx_word' id='word_1_10' title='bbox 669 465 734 529; x_wconf 73' lang='grc' dir='ltr'><strong><em>τῶν</em></strong></span> <span class='ocrx_word' id='word_1_11' title='bbox 750 464 909 548; x_wconf 83' lang='grc' dir='ltr'><strong><em>δημοσίων</em></strong></span> <span class='ocrx_word' id='word_1_12' title='bbox 926 442 1251 552; x_wconf 54' lang='lat' dir='ltr'>poenitentium.</span> <span class='ocrx_word' id='word_1_13' title='bbox 1261 469 1325 542; x_wconf 68' lang='lat'><strong><em>¹³⁹⁷</em></strong></span> 
     </span>
    </p>
   </div>
   <div class='ocr_carea' id='block_1_2' title="bbox 68 556 1359 2838">
    <p class='ocr_par' dir='ltr' id='par_1_2' title="bbox 68 556 1359 2838">
     <span class='ocr_line' id='line_1_3' title="bbox 108 556 1223 651; baseline 0.001 -23"><span class='ocrx_word' id='word_1_14' title='bbox 108 585 137 628; x_wconf 88' lang='grc' dir='ltr'><strong><em>τε</em></strong></span> <span class='ocrx_word' id='word_1_15' title='bbox 156 566 208 647; x_wconf 76' lang='grc' dir='ltr'><strong><em>τῆς</em></strong></span> <span class='ocrx_word' id='word_1_16' title='bbox 221 565 300 647; x_wconf 80' lang='grc' dir='ltr'><strong><em>ἐμῆς</em></strong></span> <span class='ocrx_word' id='word_1_17' title='bbox 317 559 418 637; x_wconf 82' lang='grc' dir='ltr'><strong><em>οἰκίαις</em></strong></span> <span class='ocrx_word' id='word_1_18' title='bbox 432 562 521 626; x_wconf 77' lang='grc' dir='ltr'><strong><em>ἕνεκα</em></strong></span> <span class='ocrx_word' id='word_1_19' title='bbox 542 556 759 644; x_wconf 70' lang='grc' dir='ltr'><strong><em>ἀναλωμάτων</em></strong></span> <span class='ocrx_word' id='word_1_20' title='bbox 777 562 833 628; x_wconf 76' lang='grc' dir='ltr'><strong><em>καί</em></strong></span> <span class='ocrx_word' id='word_1_21' title='bbox 853 565 1016 646; x_wconf 74' lang='grc' dir='ltr'><strong><em>βασιλίδος</em></strong></span> <span class='ocrx_word' id='word_1_22' title='bbox 1032 567 1087 651; x_wconf 80' lang='grc' dir='ltr'><strong><em>τῆς</em></strong></span> <span class='ocrx_word' id='word_1_23' title='bbox 1101 562 1189 647; x_wconf 53' lang='grc' dir='ltr'><strong><em>ἐμῆς,</em></strong></span> <span class='ocrx_word' id='word_1_24' title='bbox 1220 615 1223 620; x_wconf 88' lang='grc'>.</span> 
     </span>
     <span class='ocr_line' id='line_1_4' title="bbox 105 657 1183 748; baseline 0.001 -22"><span class='ocrx_word' id='word_1_25' title='bbox 105 657 257 745; x_wconf 83' lang='grc' dir='ltr'><strong><em>γυναικὸς,</em></strong></span> <span class='ocrx_word' id='word_1_26' title='bbox 285 663 331 726; x_wconf 73' lang='grc' dir='ltr'><strong><em>ἔτι</em></strong></span> <span class='ocrx_word' id='word_1_27' title='bbox 355 662 390 728; x_wconf 83' lang='grc' dir='ltr'><strong><em>δέ</em></strong></span> <span class='ocrx_word' id='word_1_28' title='bbox 409 658 465 726; x_wconf 81' lang='grc' dir='ltr'><strong><em>καί</em></strong></span> <span class='ocrx_word' id='word_1_29' title='bbox 482 664 539 746; x_wconf 80' lang='grc' dir='ltr'><strong><em>τῆς</em></strong></span> <span class='ocrx_word' id='word_1_30' title='bbox 555 657 759 748; x_wconf 81' lang='grc' dir='ltr'><strong><em>μισθοφόρου</em></strong></span> <span class='ocrx_word' id='word_1_31' title='bbox 773 664 926 747; x_wconf 76' lang='grc' dir='ltr'><strong><em>στρατιᾶς</em></strong></span> <span class='ocrx_word' id='word_1_32' title='bbox 944 661 1094 748; x_wconf 75' lang='grc' dir='ltr'><strong><em>χρήματα</em></strong></span> <span class='ocrx_word' id='word_1_33' title='bbox 1104 663 1183 745; x_wconf 79' lang='grc' dir='ltr'><strong><em>έμοέ</em></strong></span> 
     </span>
     <span class='ocr_line' id='line_1_5' title="bbox 107 752 1187 847; baseline 0.006 -25"><span class='ocrx_word' id='word_1_34' title='bbox 107 764 303 844; x_wconf 68' lang='grc' dir='ltr'><strong><em>χορηγεῖσθαι</em></strong></span> <span class='ocrx_word' id='word_1_35' title='bbox 323 752 381 824; x_wconf 74' lang='grc' dir='ltr'><strong><em>ὅσα</em></strong></span> <span class='ocrx_word' id='word_1_36' title='bbox 400 763 574 844; x_wconf 84' lang='grc' dir='ltr'><strong><em>γέγραπται</em></strong></span> <span class='ocrx_word' id='word_1_37' title='bbox 587 763 622 826; x_wconf 84' lang='grc' dir='ltr'><strong><em>ἐν</em></strong></span> <span class='ocrx_word' id='word_1_38' title='bbox 640 769 710 840; x_wconf 81' lang='grc' dir='ltr'><strong><em>ταῖς</em></strong></span> <span class='ocrx_word' id='word_1_39' title='bbox 731 759 916 847; x_wconf 72' lang='grc' dir='ltr'><strong><em>συνθήκαις·</em></strong></span> <span class='ocrx_word' id='word_1_40' title='bbox 937 760 993 825; x_wconf 84' lang='grc' dir='ltr'><strong><em>καί</em></strong></span> <span class='ocrx_word' id='word_1_41' title='bbox 1007 763 1100 827; x_wconf 75' lang='grc' dir='ltr'><strong><em>τοῦτο</em></strong></span> <span class='ocrx_word' id='word_1_42' title='bbox 1118 761 1187 844; x_wconf 32' lang='grc' dir='ltr'><strong><em>οόχ,</em></strong></span> 
     </span>
     <span class='ocr_line' id='line_1_6' title="bbox 90 855 1183 950; baseline 0.002 -26"><span class='ocrx_word' id='word_1_43' title='bbox 90 857 218 942; x_wconf 57' lang='lat' dir='ltr'>tiniec,</span> <span class='ocrx_word' id='word_1_44' title='bbox 248 855 328 924; x_wconf 76' lang='grc' dir='ltr'><strong><em>ἄλλα</em></strong></span> <span class='ocrx_word' id='word_1_45' title='bbox 349 862 392 922; x_wconf 80' lang='grc' dir='ltr'><strong><em>δι’</em></strong></span> <span class='ocrx_word' id='word_1_46' title='bbox 405 855 509 946; x_wconf 76' lang='grc' dir='ltr'><strong><em>ὅρκων</em></strong></span> <span class='ocrx_word' id='word_1_47' title='bbox 525 858 703 947; x_wconf 80' lang='grc' dir='ltr'><strong><em>ἐγγράφων,</em></strong></span> <span class='ocrx_word' id='word_1_48' title='bbox 725 859 769 938; x_wconf 72' lang='grc' dir='ltr'><strong><em>οἱς</em></strong></span> <span class='ocrx_word' id='word_1_49' title='bbox 785 859 935 948; x_wconf 83' lang='grc' dir='ltr'><strong><em>πάρεστιν</em></strong></span> <span class='ocrx_word' id='word_1_50' title='bbox 957 855 1034 950; x_wconf 76' lang='grc' dir='ltr'><strong><em>ὁρᾷν</em></strong></span> <span class='ocrx_word' id='word_1_51' title='bbox 1053 863 1088 926; x_wconf 86' lang='grc' dir='ltr'><strong><em>ἐκ</em></strong></span> <span class='ocrx_word' id='word_1_52' title='bbox 1098 885 1183 947; x_wconf 85' lang='grc' dir='ltr'><strong><em>χρυ-</em></strong></span> 
     </span>
     <span class='ocr_line' id='line_1_7' title="bbox 105 955 1211 1049; baseline 0.006 -25"><span class='ocrx_word' id='word_1_53' title='bbox 105 955 268 1042; x_wconf 89' lang='grc' dir='ltr'><strong><em>σοβούλλου</em></strong></span> <span class='ocrx_word' id='word_1_54' title='bbox 297 962 453 1043; x_wconf 86' lang='grc' dir='ltr'><strong><em>βασιλέως</em></strong></span> <span class='ocrx_word' id='word_1_55' title='bbox 476 964 536 1025; x_wconf 77' lang='grc' dir='ltr'><strong><em>τοῦ</em></strong></span> <span class='ocrx_word' id='word_1_56' title='bbox 561 958 641 1046; x_wconf 78' lang='grc' dir='ltr'><strong><em>πρὸς</em></strong></span> <span class='ocrx_word' id='word_1_57' title='bbox 663 963 730 1044; x_wconf 84' lang='grc' dir='ltr'><strong><em>έμέ.</em></strong></span> <span class='ocrx_word' id='word_1_58' title='bbox 775 961 812 1027; x_wconf 85' lang='grc' dir='ltr'><strong><em>ἐκ</em></strong></span> <span class='ocrx_word' id='word_1_59' title='bbox 839 961 944 1028; x_wconf 77' lang='grc' dir='ltr'><strong><em>τοίνυν</em></strong></span> <span class='ocrx_word' id='word_1_60' title='bbox 969 966 1033 1049; x_wconf 79' lang='grc' dir='ltr'><strong><em>τῶν</em></strong></span> <span class='ocrx_word' id='word_1_61' title='bbox 1063 962 1211 1048; x_wconf 78' lang='grc' dir='ltr'><strong><em>καιρῶνῦ</em></strong></span> 
     </span>
     <span class='ocr_line' id='line_1_8' title="bbox 104 1053 1182 1149; baseline 0.005 -26"><span class='ocrx_word' id='word_1_62' title='bbox 104 1058 220 1124; x_wconf 82' lang='grc' dir='ltr'><strong><em>ἐκείνων</em></strong></span> <span class='ocrx_word' id='word_1_63' title='bbox 243 1053 298 1124; x_wconf 80' lang='grc' dir='ltr'><strong><em>ὅτε</em></strong></span> <span class='ocrx_word' id='word_1_64' title='bbox 317 1060 496 1145; x_wconf 73' lang='grc' dir='ltr'><strong><em>ἐγεγένηντο</em></strong></span> <span class='ocrx_word' id='word_1_65' title='bbox 522 1058 552 1125; x_wconf 80' lang='grc' dir='ltr'><strong><em>οἱ</em></strong></span> <span class='ocrx_word' id='word_1_66' title='bbox 567 1057 656 1148; x_wconf 83' lang='grc' dir='ltr'><strong><em>ὀρκοι</em></strong></span> <span class='ocrx_word' id='word_1_67' title='bbox 674 1054 760 1149; x_wconf 74' lang='grc' dir='ltr'><strong><em>’ὀχρι</em></strong></span> <span class='ocrx_word' id='word_1_68' title='bbox 779 1061 836 1127; x_wconf 78' lang='grc' dir='ltr'><strong><em>καί</em></strong></span> <span class='ocrx_word' id='word_1_69' title='bbox 864 1063 921 1128; x_wconf 79' lang='grc' dir='ltr'><strong><em>νῦν</em></strong></span> <span class='ocrx_word' id='word_1_70' title='bbox 950 1066 1101 1148; x_wconf 81' lang='grc' dir='ltr'><strong><em>τέτταρες·</em></strong></span> <span class='ocrx_word' id='word_1_71' title='bbox 1131 1061 1182 1128; x_wconf 82' lang='grc' dir='ltr'><strong><em>ἐπ’</em></strong></span> 
     </span>
     <span class='ocr_line' id='line_1_9' title="bbox 105 1154 1182 1248; baseline 0.006 -26"><span class='ocrx_word' id='word_1_72' title='bbox 105 1154 180 1223; x_wconf 80' lang='grc' dir='ltr'><strong><em>ἔτεσι</em></strong></span> <span class='ocrx_word' id='word_1_73' title='bbox 199 1161 347 1246; x_wconf 87' lang='grc' dir='ltr'><strong><em>τέπαρσι</em></strong></span> <span class='ocrx_word' id='word_1_74' title='bbox 368 1163 532 1246; x_wconf 78' lang='grc' dir='ltr'><strong><em>παρῆλθον</em></strong></span> <span class='ocrx_word' id='word_1_75' title='bbox 545 1163 661 1246; x_wconf 81' lang='grc' dir='ltr'><strong><em>μῆνες,</em></strong></span> <span class='ocrx_word' id='word_1_76' title='bbox 690 1165 725 1228; x_wconf 91' lang='grc' dir='ltr'><strong><em>ἐν</em></strong></span> <span class='ocrx_word' id='word_1_77' title='bbox 742 1157 789 1240; x_wconf 78' lang='grc' dir='ltr'><strong><em>οἷς</em></strong></span> <span class='ocrx_word' id='word_1_78' title='bbox 815 1164 852 1228; x_wconf 80' lang='grc' dir='ltr'><strong><em>’ἐκ</em></strong></span> <span class='ocrx_word' id='word_1_79' title='bbox 874 1165 937 1228; x_wconf 75' lang='grc' dir='ltr'><strong><em>τοῖν</em></strong></span> <span class='ocrx_word' id='word_1_80' title='bbox 955 1163 1182 1248; x_wconf 74' lang='grc' dir='ltr'><strong><em>γεγραμμένων</em></strong></span> 
     </span>
     <span class='ocr_line' id='line_1_10' title="bbox 104 1255 1190 1349; baseline 0.006 -31"><span class='ocrx_word' id='word_1_81' title='bbox 104 1255 280 1343; x_wconf 82' lang='grc' dir='ltr'><strong><em>ἐφειλονταί</em></strong></span> <span class='ocrx_word' id='word_1_82' title='bbox 296 1282 354 1341; x_wconf 92' lang='grc' dir='ltr'><strong><em>μοι</em></strong></span> <span class='ocrx_word' id='word_1_83' title='bbox 376 1261 563 1349; x_wconf 76' lang='grc' dir='ltr'><strong><em>λογιζομένῳ</em></strong></span> <span class='ocrx_word' id='word_1_84' title='bbox 585 1263 678 1326; x_wconf 86' lang='grc' dir='ltr'><strong><em>πέντε</em></strong></span> <span class='ocrx_word' id='word_1_85' title='bbox 700 1261 756 1327; x_wconf 81' lang='grc' dir='ltr'><strong><em>καί</em></strong></span> <span class='ocrx_word' id='word_1_86' title='bbox 773 1259 952 1347; x_wconf 78' lang='grc' dir='ltr'><strong><em>τριάκοντα</em></strong></span> <span class='ocrx_word' id='word_1_87' title='bbox 964 1264 1102 1348; x_wconf 83' lang='grc' dir='ltr'><strong><em>χρυσίου</em></strong></span> <span class='ocrx_word' id='word_1_88' title='bbox 1117 1285 1190 1343; x_wconf 70' lang='grc' dir='ltr'><strong><em>μυ-Δ</em></strong></span> 
     </span>
     <span class='ocr_line' id='line_1_11' title="bbox 75 1348 1184 1446; baseline 0.004 -23"><span class='ocrx_word' id='word_1_89' title='bbox 75 1353 211 1440; x_wconf 84' lang='grc' dir='ltr'><strong><em>ιοριύδες.</em></strong></span> <span class='ocrx_word' id='word_1_90' title='bbox 230 1358 286 1423; x_wconf 76' lang='grc' dir='ltr'><strong><em>καί</em></strong></span> <span class='ocrx_word' id='word_1_91' title='bbox 301 1361 399 1422; x_wconf 80' lang='grc' dir='ltr'><strong><em>τοῦτο</em></strong></span> <span class='ocrx_word' id='word_1_92' title='bbox 414 1355 535 1437; x_wconf 72' lang='grc' dir='ltr'><strong><em>ἔξεστιν</em></strong></span> <span class='ocrx_word' id='word_1_93' title='bbox 551 1354 768 1426; x_wconf 76' lang='grc' dir='ltr'><strong><em>ἀποδεικνύειν</em></strong></span> <span class='ocrx_word' id='word_1_94' title='bbox 790 1348 931 1446; x_wconf 78' lang='grc' dir='ltr'><strong><em>ἐναργῶς</em></strong></span> <span class='ocrx_word' id='word_1_95' title='bbox 949 1362 1063 1427; x_wconf 78' lang='grc' dir='ltr'><strong><em>ἐκτῶν</em></strong></span> <span class='ocrx_word' id='word_1_96' title='bbox 1080 1385 1184 1446; x_wconf 83' lang='grc' dir='ltr'><strong><em>γραμ-</em></strong></span> 
     </span>
     <span class='ocr_line' id='line_1_12' title="bbox 101 1447 1184 1549; baseline 0.006 -31"><span class='ocrx_word' id='word_1_97' title='bbox 101 1455 228 1534; x_wconf 85' lang='grc' dir='ltr'><strong><em>ματείων</em></strong></span> <span class='ocrx_word' id='word_1_98' title='bbox 246 1447 312 1522; x_wconf 76' lang='grc' dir='ltr'><strong><em>τῶν</em></strong></span> <span class='ocrx_word' id='word_1_99' title='bbox 333 1459 377 1533; x_wconf 81' lang='grc' dir='ltr'><strong><em>εἰς</em></strong></span> <span class='ocrx_word' id='word_1_100' title='bbox 398 1457 557 1538; x_wconf 79' lang='grc' dir='ltr'><strong><em>ἀπόδειξιν</em></strong></span> <span class='ocrx_word' id='word_1_101' title='bbox 581 1463 754 1544; x_wconf 84' lang='grc' dir='ltr'><strong><em>γινομένων</em></strong></span> <span class='ocrx_word' id='word_1_102' title='bbox 776 1460 864 1549; x_wconf 82' lang='grc' dir='ltr'><strong><em>παροὶ</em></strong></span> <span class='ocrx_word' id='word_1_103' title='bbox 884 1465 948 1527; x_wconf 74' lang='grc' dir='ltr'><strong><em>τοῖν</em></strong></span> <span class='ocrx_word' id='word_1_104' title='bbox 966 1459 1006 1526; x_wconf 81' lang='grc' dir='ltr'><strong><em>τὰ</em></strong></span> <span class='ocrx_word' id='word_1_105' title='bbox 1032 1460 1184 1546; x_wconf 72' lang='grc' dir='ltr'><strong><em>χρήματα</em></strong></span> 
     </span>
     <span class='ocr_line' id='line_1_13' title="bbox 101 1553 1185 1642; baseline 0.006 -25"><span class='ocrx_word' id='word_1_106' title='bbox 101 1553 350 1638; x_wconf 75' lang='grc' dir='ltr'><strong><em>εἶσκομιζύντων,</em></strong></span> <span class='ocrx_word' id='word_1_107' title='bbox 374 1557 620 1642; x_wconf 79' lang='grc' dir='ltr'><strong><em>προστάττοντος</em></strong></span> <span class='ocrx_word' id='word_1_108' title='bbox 637 1563 799 1641; x_wconf 87' lang='grc' dir='ltr'><strong><em>βασιλέως.</em></strong></span> <span class='ocrx_word' id='word_1_109' title='bbox 833 1559 871 1626; x_wconf 89' lang='grc' dir='ltr'><strong><em>τί</em></strong></span> <span class='ocrx_word' id='word_1_110' title='bbox 883 1559 989 1627; x_wconf 81' lang='grc' dir='ltr'><strong><em>τοίνυν</em></strong></span> <span class='ocrx_word' id='word_1_111' title='bbox 1009 1553 1127 1642; x_wconf 77' lang='grc' dir='ltr'><strong><em>οἷδικοό,</em></strong></span> <span class='ocrx_word' id='word_1_112' title='bbox 1152 1559 1185 1624; x_wconf 81' lang='grc' dir='ltr'><strong><em>εί</em></strong></span> 
     </span>
     <span class='ocr_line' id='line_1_14' title="bbox 101 1650 1182 1745; baseline 0.009 -31"><span class='ocrx_word' id='word_1_113' title='bbox 101 1651 248 1720; x_wconf 77' lang='grc' dir='ltr'><strong><em>τοσούτων</em></strong></span> <span class='ocrx_word' id='word_1_114' title='bbox 267 1653 344 1736; x_wconf 75' lang='grc' dir='ltr'><strong><em>ἐμοὶ</em></strong></span> <span class='ocrx_word' id='word_1_115' title='bbox 357 1656 530 1742; x_wconf 83' lang='grc' dir='ltr'><strong><em>χρημάτων</em></strong></span> <span class='ocrx_word' id='word_1_116' title='bbox 546 1655 776 1744; x_wconf 82' lang='grc' dir='ltr'><strong><em>ὀφειλομένων,</em></strong></span> <span class='ocrx_word' id='word_1_117' title='bbox 806 1653 896 1742; x_wconf 89' lang='grc' dir='ltr'><strong><em>ὀλίγα</em></strong></span> <span class='ocrx_word' id='word_1_118' title='bbox 911 1650 993 1724; x_wconf 74' lang='grc' dir='ltr'><strong><em>ἄττα</em></strong></span> <span class='ocrx_word' id='word_1_119' title='bbox 1012 1657 1130 1745; x_wconf 78' lang='grc' dir='ltr'><strong><em>εἶληφα</em></strong></span> <span class='ocrx_word' id='word_1_120' title='bbox 1145 1659 1182 1724; x_wconf 83' lang='grc' dir='ltr'><strong><em>ἐκ</em></strong></span> 
     </span>
     <span class='ocr_line' id='line_1_15' title="bbox 100 1745 1187 1841; baseline 0.007 -27"><span class='ocrx_word' id='word_1_121' title='bbox 100 1754 229 1835; x_wconf 70' lang='grc' dir='ltr'><strong><em>πολλῶν,</em></strong></span> <span class='ocrx_word' id='word_1_122' title='bbox 261 1745 284 1839; x_wconf 78' lang='grc' dir='ltr'><strong><em>ἦ</em></strong></span> <span class='ocrx_word' id='word_1_123' title='bbox 302 1777 363 1820; x_wconf 89' lang='grc' dir='ltr'><strong><em>που</em></strong></span> <span class='ocrx_word' id='word_1_124' title='bbox 385 1755 523 1838; x_wconf 90' lang='grc' dir='ltr'><strong><em>δίκαιον,</em></strong></span> <span class='ocrx_word' id='word_1_125' title='bbox 551 1760 684 1840; x_wconf 79' lang='grc' dir='ltr'><strong><em>βασιλέα</em></strong></span> <span class='ocrx_word' id='word_1_126' title='bbox 710 1758 770 1838; x_wconf 84' lang='grc' dir='ltr'><strong><em>μὲν</em></strong></span> <span class='ocrx_word' id='word_1_127' title='bbox 787 1758 844 1841; x_wconf 81' lang='grc' dir='ltr'><strong><em>ἐμέ</em></strong></span> <span class='ocrx_word' id='word_1_128' title='bbox 866 1754 1024 1823; x_wconf 85' lang='grc' dir='ltr'><strong><em>τοσούτων</em></strong></span> <span class='ocrx_word' id='word_1_129' title='bbox 1047 1753 1187 1824; x_wconf 84' lang='grc' dir='ltr'><strong><em>ὀποστε-.</em></strong></span> 
     </span>
     <span class='ocr_line' id='line_1_16' title="bbox 73 1848 1189 1942; baseline 0.006 -26"><span class='ocrx_word' id='word_1_130' title='bbox 73 1852 218 1936; x_wconf 74' lang='grc' dir='ltr'><strong><em>ιᾶρούντα,</em></strong></span> <span class='ocrx_word' id='word_1_131' title='bbox 237 1848 315 1938; x_wconf 81' lang='grc' dir='ltr'><strong><em>μήτ’</em></strong></span> <span class='ocrx_word' id='word_1_132' title='bbox 330 1853 451 1920; x_wconf 80' lang='grc' dir='ltr'><strong><em>ὀδικεῑν</em></strong></span> <span class='ocrx_word' id='word_1_133' title='bbox 461 1852 606 1938; x_wconf 78' lang='grc' dir='ltr'><strong><em>οἴεσθαι,</em></strong></span> <span class='ocrx_word' id='word_1_134' title='bbox 632 1857 712 1941; x_wconf 75' lang='grc' dir='ltr'><strong><em>μήτε</em></strong></span> <span class='ocrx_word' id='word_1_135' title='bbox 732 1851 797 1938; x_wconf 71' lang='grc' dir='ltr'><strong><em>μὴν</em></strong></span> <span class='ocrx_word' id='word_1_136' title='bbox 821 1857 995 1942; x_wconf 75' lang='grc' dir='ltr'><strong><em>ἐπιορκεῖν,</em></strong></span> <span class='ocrx_word' id='word_1_137' title='bbox 1023 1859 1081 1938; x_wconf 80' lang='grc' dir='ltr'><strong><em>ἐμέ</em></strong></span> <span class='ocrx_word' id='word_1_138' title='bbox 1101 1860 1138 1924; x_wconf 80' lang='grc' dir='ltr'><strong><em>δέ</em></strong></span> <span class='ocrx_word' id='word_1_139' title='bbox 1153 1855 1189 1923; x_wconf 76' lang='grc' dir='ltr'><strong><em>εἴ</em></strong></span> 
     </span>
     <span class='ocr_line' id='line_1_17' title="bbox 99 1943 1359 2042; baseline 0.008 -30"><span class='ocrx_word' id='word_1_140' title='bbox 99 1973 127 2012; x_wconf 90' lang='grc' dir='ltr'><strong><em>τι</em></strong></span> <span class='ocrx_word' id='word_1_141' title='bbox 140 1954 199 2016; x_wconf 80' lang='grc' dir='ltr'><strong><em>τῶν</em></strong></span> <span class='ocrx_word' id='word_1_142' title='bbox 215 1946 429 2040; x_wconf 80' lang='grc' dir='ltr'><strong><em>ὀφειλομένων</em></strong></span> <span class='ocrx_word' id='word_1_143' title='bbox 449 1956 619 2023; x_wconf 78' lang='grc' dir='ltr'><strong><em>πολλοστὸν</em></strong></span> <span class='ocrx_word' id='word_1_144' title='bbox 641 1943 802 2041; x_wconf 72' lang='grc' dir='ltr'><strong><em>ἄπἐίληφα</em></strong></span> <span class='ocrx_word' id='word_1_145' title='bbox 823 1957 938 2041; x_wconf 87' lang='grc' dir='ltr'><strong><em>μέρος,</em></strong></span> <span class='ocrx_word' id='word_1_146' title='bbox 963 1955 1009 2033; x_wconf 81' lang='grc' dir='ltr'><strong><em>εἰς</em></strong></span> <span class='ocrx_word' id='word_1_147' title='bbox 1027 1955 1179 2042; x_wconf 66' lang='grc' dir='ltr'><strong><em>δικαστέ-</em></strong></span> <span class='ocrx_word' id='word_1_148' title='bbox 1234 1977 1237 1990; x_wconf 86' lang='grc'><strong>’</strong></span> <span class='ocrx_word' id='word_1_149' title='bbox 1304 1983 1310 2005; x_wconf 84' lang='grc'><em>·</em></span> <span class='ocrx_word' id='word_1_150' title='bbox 1354 1971 1359 1988; x_wconf 90' lang='grc'><em>·</em></span> 
     </span>
     <span class='ocr_line' id='line_1_18' title="bbox 99 2050 1234 2141; baseline 0.016 -33"><span class='ocrx_word' id='word_1_151' title='bbox 99 2069 147 2132; x_wconf 88' lang='grc' dir='ltr'><strong><em>ρια</em></strong></span> <span class='ocrx_word' id='word_1_152' title='bbox 165 2052 315 2118; x_wconf 73' lang='grc' dir='ltr'><strong><em>ἕλκεσθαι</em></strong></span> <span class='ocrx_word' id='word_1_153' title='bbox 337 2050 391 2118; x_wconf 80' lang='grc' dir='ltr'><strong><em>καί</em></strong></span> <span class='ocrx_word' id='word_1_154' title='bbox 406 2053 568 2141; x_wconf 76' lang='grc' dir='ltr'><strong><em>ἐπιορκίαν</em></strong></span> <span class='ocrx_word' id='word_1_155' title='bbox 584 2056 788 2138; x_wconf 76' lang='grc' dir='ltr'><strong><em>ἐγκαλεῖσθαι</em></strong></span> <span class='ocrx_word' id='word_1_156' title='bbox 805 2051 861 2118; x_wconf 78' lang='grc' dir='ltr'><strong><em>καί</em></strong></span> <span class='ocrx_word' id='word_1_157' title='bbox 878 2051 1114 2120; x_wconf 74' lang='grc' dir='ltr'><strong><em>ἀπελαύνεσθαι</em></strong></span> <span class='ocrx_word' id='word_1_158' title='bbox 1129 2058 1212 2126; x_wconf 84' lang='grc' dir='ltr'><strong><em>καέλ)</em></strong></span> <span class='ocrx_word' id='word_1_159' title='bbox 1229 2089 1234 2102; x_wconf 61' lang='lat'><strong><em>¹</em></strong></span> 
     </span>
     <span class='ocr_line' id='line_1_19' title="bbox 98 2145 1184 2240; baseline 0.01 -31"><span class='ocrx_word' id='word_1_160' title='bbox 98 2145 133 2211; x_wconf 80' lang='lat' dir='ltr'>asi</span> <span class='ocrx_word' id='word_1_161' title='bbox 146 2146 268 2234; x_wconf 78' lang='grc' dir='ltr'><strong><em>ἔσχατα</em></strong></span> <span class='ocrx_word' id='word_1_162' title='bbox 289 2151 459 2234; x_wconf 72' lang='grc' dir='ltr'><strong><em>ὑπομένειν</em></strong></span> <span class='ocrx_word' id='word_1_163' title='bbox 465 2179 477 2236; x_wconf 91' lang='grc'><strong><em>,·</em></strong></span> <span class='ocrx_word' id='word_1_164' title='bbox 507 2155 634 2236; x_wconf 74' lang='grc' dir='ltr'><strong><em>καίτοι,</em></strong></span> <span class='ocrx_word' id='word_1_165' title='bbox 653 2152 718 2237; x_wconf 83' lang='grc' dir='ltr'><strong><em>εἴγε</em></strong></span> <span class='ocrx_word' id='word_1_166' title='bbox 745 2157 809 2220; x_wconf 73' lang='grc' dir='ltr'><strong><em>τῶν</em></strong></span> <span class='ocrx_word' id='word_1_167' title='bbox 827 2157 886 2240; x_wconf 80' lang='grc' dir='ltr'><strong><em>τῆς</em></strong></span> <span class='ocrx_word' id='word_1_168' title='bbox 908 2157 1009 2231; x_wconf 78' lang='grc' dir='ltr'><strong><em>οἰκίας</em></strong></span> <span class='ocrx_word' id='word_1_169' title='bbox 1031 2157 1088 2240; x_wconf 81' lang='grc' dir='ltr'><strong><em>τῆς</em></strong></span> <span class='ocrx_word' id='word_1_170' title='bbox 1105 2155 1184 2240; x_wconf 79' lang='grc' dir='ltr'><strong><em>ἐμῆς</em></strong></span> 
     </span>
     <span class='ocr_line' id='line_1_20' title="bbox 98 2247 1189 2342; baseline 0.004 -30"><span class='ocrx_word' id='word_1_171' title='bbox 98 2247 178 2314; x_wconf 73' lang='grc' dir='ltr'><strong><em>ἕνεκα</em></strong></span> <span class='ocrx_word' id='word_1_172' title='bbox 200 2249 299 2334; x_wconf 90' lang='grc' dir='ltr'><strong><em>μόνον</em></strong></span> <span class='ocrx_word' id='word_1_173' title='bbox 320 2247 581 2338; x_wconf 86' lang='grc' dir='ltr'><strong><em>οἷποτεταγμένων</em></strong></span> <span class='ocrx_word' id='word_1_174' title='bbox 605 2248 859 2342; x_wconf 78' lang='grc' dir='ltr'><strong><em>ὀπεστερούμην,</em></strong></span> <span class='ocrx_word' id='word_1_175' title='bbox 899 2257 1022 2320; x_wconf 84' lang='grc' dir='ltr'><strong><em>δίκαιον</em></strong></span> <span class='ocrx_word' id='word_1_176' title='bbox 1041 2256 1101 2338; x_wconf 81' lang='grc' dir='ltr'><strong><em>μὲν</em></strong></span> <span class='ocrx_word' id='word_1_177' title='bbox 1125 2251 1189 2319; x_wconf 85' lang='grc' dir='ltr'><strong><em>ούκ.</em></strong></span> 
     </span>
     <span class='ocr_line' id='line_1_21' title="bbox 68 2339 1187 2444; baseline 0.007 -32"><span class='ocrx_word' id='word_1_178' title='bbox 68 2339 134 2413; x_wconf 79' lang='lat' dir='ltr'>mciv</span> <span class='ocrx_word' id='word_1_179' title='bbox 152 2342 189 2436; x_wconf 81' lang='grc' dir='ltr'><strong><em>ἦν</em></strong></span> <span class='ocrx_word' id='word_1_180' title='bbox 199 2403 209 2436; x_wconf 97' lang='grc'><strong><em>,</em></strong></span> <span class='ocrx_word' id='word_1_181' title='bbox 229 2349 293 2436; x_wconf 73' lang='grc' dir='ltr'><strong><em>ἐγώ</em></strong></span> <span class='ocrx_word' id='word_1_182' title='bbox 310 2355 346 2419; x_wconf 83' lang='grc' dir='ltr'><strong><em>δὲ</em></strong></span> <span class='ocrx_word' id='word_1_183' title='bbox 359 2343 471 2437; x_wconf 74' lang='grc' dir='ltr'><strong><em>ἤνεγκα</em></strong></span> <span class='ocrx_word' id='word_1_184' title='bbox 494 2348 535 2420; x_wconf 84' lang='grc' dir='ltr'><strong><em>ὀν·</em></strong></span> <span class='ocrx_word' id='word_1_185' title='bbox 550 2355 622 2443; x_wconf 76' lang='grc' dir='ltr'><strong><em>σιγῇ</em></strong></span> <span class='ocrx_word' id='word_1_186' title='bbox 631 2407 641 2436; x_wconf 93' lang='grc'><strong><em>,</em></strong></span> <span class='ocrx_word' id='word_1_187' title='bbox 662 2355 754 2422; x_wconf 84' lang='grc' dir='ltr'><strong><em>αἰδοῖ</em></strong></span> <span class='ocrx_word' id='word_1_188' title='bbox 769 2379 805 2420; x_wconf 92' lang='grc' dir='ltr'><strong><em>τε</em></strong></span> <span class='ocrx_word' id='word_1_189' title='bbox 826 2359 867 2444; x_wconf 77' lang='grc' dir='ltr'><strong><em>τῇ</em></strong></span> <span class='ocrx_word' id='word_1_190' title='bbox 882 2345 962 2443; x_wconf 78' lang='grc' dir='ltr'><strong><em>πρὸς</em></strong></span> <span class='ocrx_word' id='word_1_191' title='bbox 976 2356 1111 2439; x_wconf 81' lang='grc' dir='ltr'><strong><em>βασιλέα</em></strong></span> <span class='ocrx_word' id='word_1_192' title='bbox 1129 2353 1187 2420; x_wconf 77' lang='grc' dir='ltr'><strong><em>καὶ</em></strong></span> 
     </span>
     <span class='ocr_line' id='line_1_22' title="bbox 100 2445 1189 2540; baseline 0.002 -28"><span class='ocrx_word' id='word_1_193' title='bbox 100 2450 139 2538; x_wconf 74' lang='grc' dir='ltr'><strong><em>τῷ</em></strong></span> <span class='ocrx_word' id='word_1_194' title='bbox 152 2453 292 2534; x_wconf 78' lang='grc' dir='ltr'><strong><em>νομίζειν</em></strong></span> <span class='ocrx_word' id='word_1_195' title='bbox 308 2448 350 2516; x_wconf 76' lang='grc' dir='ltr'><strong><em>τύ</em></strong></span> <span class='ocrx_word' id='word_1_196' title='bbox 374 2448 461 2538; x_wconf 84' lang='grc' dir='ltr'><strong><em>παροὶ</em></strong></span> <span class='ocrx_word' id='word_1_197' title='bbox 481 2451 599 2540; x_wconf 80' lang='grc' dir='ltr'><strong><em>πατρὸς</em></strong></span> <span class='ocrx_word' id='word_1_198' title='bbox 618 2454 797 2540; x_wconf 86' lang='grc' dir='ltr'><strong><em>ἐπαγόμενα</em></strong></span> <span class='ocrx_word' id='word_1_199' title='bbox 821 2451 968 2538; x_wconf 83' lang='grc' dir='ltr'><strong><em>ὀλγεινό,</em></strong></span> <span class='ocrx_word' id='word_1_200' title='bbox 998 2451 1084 2520; x_wconf 80' lang='grc' dir='ltr'><strong><em>ὁποῖ’</em></strong></span> <span class='ocrx_word' id='word_1_201' title='bbox 1104 2445 1189 2520; x_wconf 73' lang='grc' dir='ltr'><strong><em>ὄντα.</em></strong></span> 
     </span>
     <span class='ocr_line' id='line_1_23' title="bbox 100 2541 1186 2641; baseline 0.005 -30"><span class='ocrx_word' id='word_1_202' title='bbox 100 2541 136 2614; x_wconf 74' lang='grc' dir='ltr'><strong><em>ἐν</em></strong></span> <span class='ocrx_word' id='word_1_203' title='bbox 149 2541 177 2638; x_wconf 77' lang='grc' dir='ltr'><strong><em>ᾗ,</em></strong></span> <span class='ocrx_word' id='word_1_204' title='bbox 198 2551 322 2616; x_wconf 87' lang='grc' dir='ltr'><strong><em>δίκαιον</em></strong></span> <span class='ocrx_word' id='word_1_205' title='bbox 342 2545 424 2615; x_wconf 83' lang='grc' dir='ltr'><strong><em>εἶναι</em></strong></span> <span class='ocrx_word' id='word_1_206' title='bbox 441 2549 497 2616; x_wconf 83' lang='grc' dir='ltr'><strong><em>τὸν</em></strong></span> <span class='ocrx_word' id='word_1_207' title='bbox 510 2556 610 2618; x_wconf 86' lang='grc' dir='ltr'><strong><em>παῖδα</em></strong></span> <span class='ocrx_word' id='word_1_208' title='bbox 633 2557 744 2641; x_wconf 82' lang='grc' dir='ltr'><strong><em>φέρειν</em></strong></span> <span class='ocrx_word' id='word_1_209' title='bbox 758 2552 813 2618; x_wconf 80' lang='grc' dir='ltr'><strong><em>καί</em></strong></span> <span class='ocrx_word' id='word_1_210' title='bbox 827 2551 908 2639; x_wconf 80' lang='grc' dir='ltr'><strong><em>μήτε</em></strong></span> <span class='ocrx_word' id='word_1_211' title='bbox 924 2556 1084 2638; x_wconf 80' lang='grc' dir='ltr'><strong><em>ἐγκαλεῖν,</em></strong></span> <span class='ocrx_word' id='word_1_212' title='bbox 1103 2549 1186 2638; x_wconf 80' lang='grc' dir='ltr'><strong><em>μήτε</em></strong></span> 
     </span>
     <span class='ocr_line' id='line_1_24' title="bbox 98 2645 1186 2738; baseline 0.006 -28"><span class='ocrx_word' id='word_1_213' title='bbox 98 2651 320 2734; x_wconf 69' lang='grc' dir='ltr'><strong><em>θορυβεῖσθαι,</em></strong></span> <span class='ocrx_word' id='word_1_214' title='bbox 349 2648 429 2714; x_wconf 79' lang='grc' dir='ltr'><strong><em>ἀλλὰ</em></strong></span> <span class='ocrx_word' id='word_1_215' title='bbox 446 2653 573 2716; x_wconf 78' lang='grc' dir='ltr'><strong><em>δεῖσθαι</em></strong></span> <span class='ocrx_word' id='word_1_216' title='bbox 586 2648 685 2734; x_wconf 89' lang='grc' dir='ltr'><strong><em>μόνον</em></strong></span> <span class='ocrx_word' id='word_1_217' title='bbox 700 2649 880 2738; x_wconf 78' lang='grc' dir='ltr'><strong><em>,ἤπιιύτερον</em></strong></span> <span class='ocrx_word' id='word_1_218' title='bbox 896 2650 971 2735; x_wconf 76' lang='grc' dir='ltr'><strong><em>ἐμοὶ</em></strong></span> <span class='ocrx_word' id='word_1_219' title='bbox 986 2651 1043 2716; x_wconf 77' lang='grc' dir='ltr'><strong><em>καὶ</em></strong></span> <span class='ocrx_word' id='word_1_220' title='bbox 1066 2645 1186 2736; x_wconf 76' lang='grc' dir='ltr'><strong><em>ἥμερον</em></strong></span> 
     </span>
     <span class='ocr_line' id='line_1_25' title="bbox 98 2747 1184 2838; baseline 0.006 -28"><span class='ocrx_word' id='word_1_221' title='bbox 98 2747 263 2832; x_wconf 80' lang='grc' dir='ltr'><strong><em>ἐπιβλέψαι</em></strong></span> <span class='ocrx_word' id='word_1_222' title='bbox 284 2747 337 2815; x_wconf 83' lang='grc' dir='ltr'><strong><em>τὸν</em></strong></span> <span class='ocrx_word' id='word_1_223' title='bbox 351 2751 472 2838; x_wconf 82' lang='grc' dir='ltr'><strong><em>πατέρα</em></strong></span> <span class='ocrx_word' id='word_1_224' title='bbox 496 2754 551 2818; x_wconf 78' lang='grc' dir='ltr'><strong><em>καὶ</em></strong></span> <span class='ocrx_word' id='word_1_225' title='bbox 568 2748 608 2818; x_wconf 79' lang='grc' dir='ltr'><strong><em>τύ</em></strong></span> <span class='ocrx_word' id='word_1_226' title='bbox 631 2755 795 2819; x_wconf 77' lang='grc' dir='ltr'><strong><em>λυποῦντα</em></strong></span> <span class='ocrx_word' id='word_1_227' title='bbox 814 2755 911 2818; x_wconf 83' lang='grc' dir='ltr'><strong><em>λύσαι</em></strong></span> <span class='ocrx_word' id='word_1_228' title='bbox 933 2751 1032 2818; x_wconf 78' lang='grc' dir='ltr'><strong><em>δεινοί.</em></strong></span> <span class='ocrx_word' id='word_1_229' title='bbox 1058 2749 1132 2818; x_wconf 79' lang='grc' dir='ltr'><strong><em>νυνί</em></strong></span> <span class='ocrx_word' id='word_1_230' title='bbox 1147 2751 1184 2816; x_wconf 74' lang='lat' dir='ltr'><strong><em>tt</em></strong></span> 
     </span>
    </p>
   </div>
   <div class='ocr_carea' id='block_1_3' title="bbox 95 2898 1234 4322">
    <p class='ocr_par' dir='ltr' id='par_1_3' title="bbox 95 2898 1234 4322">
     <span class='ocr_line' id='line_1_26' title="bbox 98 2898 1184 2978; baseline 0.001 -25"><span class='ocrx_word' id='word_1_231' title='bbox 98 2901 204 2956; x_wconf 78' lang='lat' dir='ltr'>vineam.</span> <span class='ocrx_word' id='word_1_232' title='bbox 242 2905 423 2976; x_wconf 83' lang='lat' dir='ltr'>Perscriptom</span> <span class='ocrx_word' id='word_1_233' title='bbox 442 2907 508 2978; x_wconf 88' lang='lat' dir='ltr'>quip</span> <span class='ocrx_word' id='word_1_234' title='bbox 530 2913 653 2959; x_wconf 79' lang='lat' dir='ltr'>sexstat</span> <span class='ocrx_word' id='word_1_235' title='bbox 674 2908 704 2959; x_wconf 85' lang='lat' dir='ltr'>in</span> <span class='ocrx_word' id='word_1_236' title='bbox 728 2908 900 2968; x_wconf 84' lang='lat' dir='ltr'>iuramento,</span> <span class='ocrx_word' id='word_1_237' title='bbox 929 2903 1048 2957; x_wconf 74' lang='lat' dir='ltr'>etmihi</span> <span class='ocrx_word' id='word_1_238' title='bbox 1071 2903 1107 2955; x_wconf 87' lang='lat' dir='ltr'><strong><em>de</em></strong></span> <span class='ocrx_word' id='word_1_239' title='bbox 1130 2898 1184 2972; x_wconf 82' lang='lat' dir='ltr'><strong><em>pu&#39;·</em></strong></span> 
     </span>
     <span class='ocr_line' id='line_1_27' title="bbox 98 2923 1183 3048; baseline 0.001 -27"><span class='ocrx_word' id='word_1_240' title='bbox 98 2970 165 3026; x_wconf 83' lang='lat' dir='ltr'>blico</span> <span class='ocrx_word' id='word_1_241' title='bbox 178 2977 300 3044; x_wconf 84' lang='lat' dir='ltr'>pecunia</span> <span class='ocrx_word' id='word_1_242' title='bbox 312 2977 343 3028; x_wconf 87' lang='lat' dir='ltr'>in</span> <span class='ocrx_word' id='word_1_243' title='bbox 355 2986 493 3048; x_wconf 87' lang='lat' dir='ltr'>sumptum</span> <span class='ocrx_word' id='word_1_244' title='bbox 506 2923 601 3030; x_wconf 70' lang='lat' dir='ltr'>inmas</span> <span class='ocrx_word' id='word_1_245' title='bbox 615 2993 646 3029; x_wconf 84' lang='lat' dir='ltr'><strong><em>ae</em></strong></span> <span class='ocrx_word' id='word_1_246' title='bbox 659 2975 781 3028; x_wconf 83' lang='lat' dir='ltr'>familiae</span> <span class='ocrx_word' id='word_1_247' title='bbox 801 2984 831 3029; x_wconf 86' lang='lat' dir='ltr'><strong><em>et</em></strong></span> <span class='ocrx_word' id='word_1_248' title='bbox 845 2975 937 3028; x_wconf 80' lang='lat' dir='ltr'>uxoris</span> <span class='ocrx_word' id='word_1_249' title='bbox 953 2991 1048 3038; x_wconf 86' lang='lat' dir='ltr'>meae,</span> <span class='ocrx_word' id='word_1_250' title='bbox 1067 2974 1133 3024; x_wconf 85' lang='lat' dir='ltr'>item</span> <span class='ocrx_word' id='word_1_251' title='bbox 1147 2969 1183 3024; x_wconf 81' lang='lat' dir='ltr'><strong><em>ad</em></strong></span> 
     </span>
     <span class='ocr_line' id='line_1_28' title="bbox 98 3043 1183 3120; baseline 0 -26"><span class='ocrx_word' id='word_1_252' title='bbox 98 3044 230 3112; x_wconf 82' lang='lat' dir='ltr'>stipendia</span> <span class='ocrx_word' id='word_1_253' title='bbox 243 3048 364 3100; x_wconf 88' lang='lat' dir='ltr'>miiitum</span> <span class='ocrx_word' id='word_1_254' title='bbox 384 3057 509 3118; x_wconf 81' lang='lat' dir='ltr'><strong>erogetur</strong></span> <span class='ocrx_word' id='word_1_255' title='bbox 532 3057 636 3120; x_wconf 76' lang='lat' dir='ltr'>quanta</span> <span class='ocrx_word' id='word_1_256' title='bbox 668 3047 774 3100; x_wconf 82' lang='lat' dir='ltr'>ibidem</span> <span class='ocrx_word' id='word_1_257' title='bbox 797 3048 976 3116; x_wconf 78' lang='lat' dir='ltr'>exprimitur:</span> <span class='ocrx_word' id='word_1_258' title='bbox 1002 3045 1032 3097; x_wconf 90' lang='lat' dir='ltr'>id</span> <span class='ocrx_word' id='word_1_259' title='bbox 1052 3043 1127 3116; x_wconf 89' lang='lat' dir='ltr'>quod</span> <span class='ocrx_word' id='word_1_260' title='bbox 1147 3059 1183 3094; x_wconf 80' lang='lat' dir='ltr'><strong><em>ex</em></strong></span> 
     </span>
     <span class='ocr_line' id='line_1_29' title="bbox 98 3115 1187 3200; baseline 0.001 -37"><span class='ocrx_word' id='word_1_261' title='bbox 98 3129 174 3169; x_wconf 81' lang='lat' dir='ltr'>aurea</span> <span class='ocrx_word' id='word_1_262' title='bbox 189 3117 268 3170; x_wconf 86' lang='lat' dir='ltr'>holla</span> <span class='ocrx_word' id='word_1_263' title='bbox 285 3115 377 3172; x_wconf 84' lang='lat' dir='ltr'>aviad</span> <span class='ocrx_word' id='word_1_264' title='bbox 396 3137 438 3170; x_wconf 87' lang='lat' dir='ltr'><strong><em>me</em></strong></span> <span class='ocrx_word' id='word_1_265' title='bbox 460 3121 542 3171; x_wconf 86' lang='lat' dir='ltr'>missa</span> <span class='ocrx_word' id='word_1_266' title='bbox 568 3119 687 3187; x_wconf 77' lang='lat' dir='ltr'><strong>perspici</strong></span> <span class='ocrx_word' id='word_1_267' title='bbox 707 3125 807 3188; x_wconf 86' lang='lat' dir='ltr'>potest</span> <span class='ocrx_word' id='word_1_268' title='bbox 844 3119 900 3169; x_wconf 85' lang='lat' dir='ltr'><strong><em>Iam</em></strong></span> <span class='ocrx_word' id='word_1_269' title='bbox 921 3133 956 3168; x_wconf 81' lang='lat' dir='ltr'><strong><em>ex</em></strong></span> <span class='ocrx_word' id='word_1_270' title='bbox 973 3131 1028 3200; x_wconf 72' lang='lat' dir='ltr'><strong><em>quo</em></strong></span> <span class='ocrx_word' id='word_1_271' title='bbox 1050 3121 1187 3182; x_wconf 68' lang='lat' dir='ltr'>concepta</span> 
     </span>
     <span class='ocr_line' id='line_1_30' title="bbox 97 3183 1182 3262; baseline -0.001 -25"><span class='ocrx_word' id='word_1_272' title='bbox 97 3196 158 3240; x_wconf 81' lang='lat' dir='ltr'>sunt</span> <span class='ocrx_word' id='word_1_273' title='bbox 172 3188 342 3252; x_wconf 83' lang='lat' dir='ltr'>iuramenta,</span> <span class='ocrx_word' id='word_1_274' title='bbox 361 3189 483 3242; x_wconf 70' lang='lat' dir='ltr'>athone</span> <span class='ocrx_word' id='word_1_275' title='bbox 498 3189 572 3242; x_wconf 87' lang='lat' dir='ltr'>diem</span> <span class='ocrx_word' id='word_1_276' title='bbox 591 3197 708 3262; x_wconf 83' lang='lat' dir='ltr'>quatuor</span> <span class='ocrx_word' id='word_1_277' title='bbox 730 3189 794 3241; x_wconf 81' lang='lat' dir='ltr'>anni</span> <span class='ocrx_word' id='word_1_278' title='bbox 814 3203 877 3240; x_wconf 88' lang='lat' dir='ltr'><strong><em>eum</em></strong></span> <span class='ocrx_word' id='word_1_279' title='bbox 901 3187 1041 3239; x_wconf 70' lang='lat' dir='ltr'>mensibus</span> <span class='ocrx_word' id='word_1_280' title='bbox 1064 3183 1182 3237; x_wconf 83' lang='lat' dir='ltr'>totidem</span> 
     </span>
     <span class='ocr_line' id='line_1_31' title="bbox 96 3254 1182 3331; baseline 0.001 -26"><span class='ocrx_word' id='word_1_281' title='bbox 96 3254 317 3324; x_wconf 80' lang='lat' dir='ltr'>interfluxerunt,</span> <span class='ocrx_word' id='word_1_282' title='bbox 339 3261 439 3331; x_wconf 85' lang='lat' dir='ltr'>quibus</span> <span class='ocrx_word' id='word_1_283' title='bbox 458 3261 541 3324; x_wconf 86' lang='lat' dir='ltr'>mihi,</span> <span class='ocrx_word' id='word_1_284' title='bbox 560 3269 591 3313; x_wconf 89' lang='lat' dir='ltr'><strong><em>ut</em></strong></span> <span class='ocrx_word' id='word_1_285' title='bbox 611 3261 746 3312; x_wconf 84' lang='lat' dir='ltr'>rationem</span> <span class='ocrx_word' id='word_1_286' title='bbox 764 3257 902 3322; x_wconf 85' lang='lat' dir='ltr'>subduco,</span> <span class='ocrx_word' id='word_1_287' title='bbox 919 3265 1042 3310; x_wconf 81' lang='lat' dir='ltr'>trecenta</span> <span class='ocrx_word' id='word_1_288' title='bbox 1056 3256 1182 3327; x_wconf 78' lang='lat' dir='ltr'>atquin-</span> 
     </span>
     <span class='ocr_line' id='line_1_32' title="bbox 96 3326 1182 3400; baseline 0 -22"><span class='ocrx_word' id='word_1_289' title='bbox 96 3331 221 3398; x_wconf 79' lang='lat' dir='ltr'><strong>quaginta</strong></span> <span class='ocrx_word' id='word_1_290' title='bbox 234 3347 378 3384; x_wconf 83' lang='lat' dir='ltr'>aureoaom</span> <span class='ocrx_word' id='word_1_291' title='bbox 395 3333 482 3384; x_wconf 81' lang='lat' dir='ltr'>millia</span> <span class='ocrx_word' id='word_1_292' title='bbox 500 3331 643 3384; x_wconf 81' lang='lat' dir='ltr'>debentur.</span> <span class='ocrx_word' id='word_1_293' title='bbox 678 3333 714 3384; x_wconf 87' lang='lat' dir='ltr'><strong><em>Et</em></strong></span> <span class='ocrx_word' id='word_1_294' title='bbox 726 3330 779 3382; x_wconf 89' lang='lat' dir='ltr'><strong><em>hoo</em></strong></span> <span class='ocrx_word' id='word_1_295' title='bbox 795 3331 968 3400; x_wconf 81' lang='lat' dir='ltr'>perspicuam</span> <span class='ocrx_word' id='word_1_296' title='bbox 986 3329 1017 3382; x_wconf 80' lang='lat' dir='ltr'><strong><em>fia</em></strong></span> <span class='ocrx_word' id='word_1_297' title='bbox 1034 3344 1068 3380; x_wconf 83' lang='lat' dir='ltr'><strong><em>ex</em></strong></span> <span class='ocrx_word' id='word_1_298' title='bbox 1088 3326 1182 3378; x_wconf 81' lang='lat' dir='ltr'>tabel-</span> 
     </span>
     <span class='ocr_line' id='line_1_33' title="bbox 97 3395 1188 3473; baseline -0.002 -21"><span class='ocrx_word' id='word_1_299' title='bbox 97 3395 141 3460; x_wconf 76' lang='lat' dir='ltr'>lis,</span> <span class='ocrx_word' id='word_1_300' title='bbox 167 3417 234 3471; x_wconf 83' lang='lat' dir='ltr'>quas</span> <span class='ocrx_word' id='word_1_301' title='bbox 257 3401 291 3453; x_wconf 88' lang='lat' dir='ltr'><strong><em>ad</em></strong></span> <span class='ocrx_word' id='word_1_302' title='bbox 307 3403 508 3455; x_wconf 84' lang='lat' dir='ltr'>testificandum</span> <span class='ocrx_word' id='word_1_303' title='bbox 533 3403 709 3473; x_wconf 79' lang='lat' dir='ltr'>vectigalium</span> <span class='ocrx_word' id='word_1_304' title='bbox 737 3409 876 3454; x_wconf 77' lang='lat' dir='ltr'>exactores</span> <span class='ocrx_word' id='word_1_305' title='bbox 895 3400 1052 3454; x_wconf 79' lang='lat' dir='ltr'>conficiunt</span> <span class='ocrx_word' id='word_1_306' title='bbox 1097 3395 1188 3468; x_wconf 80' lang='lat' dir='ltr'><strong>Quod·</strong></span> 
     </span>
     <span class='ocr_line' id='line_1_34' title="bbox 96 3467 1195 3543; baseline 0.005 -26"><span class='ocrx_word' id='word_1_307' title='bbox 96 3467 175 3538; x_wconf 74' lang='lat' dir='ltr'>igitur</span> <span class='ocrx_word' id='word_1_308' title='bbox 194 3472 274 3524; x_wconf 83' lang='lat' dir='ltr'>nefas</span> <span class='ocrx_word' id='word_1_309' title='bbox 295 3473 411 3537; x_wconf 79' lang='lat' dir='ltr'>admisi,</span> <span class='ocrx_word' id='word_1_310' title='bbox 434 3476 458 3526; x_wconf 85' lang='lat' dir='ltr'>ai</span> <span class='ocrx_word' id='word_1_311' title='bbox 479 3490 539 3526; x_wconf 89' lang='lat' dir='ltr'><strong><em>cum</em></strong></span> <span class='ocrx_word' id='word_1_312' title='bbox 557 3481 613 3526; x_wconf 86' lang='lat' dir='ltr'><strong><em>tam</em></strong></span> <span class='ocrx_word' id='word_1_313' title='bbox 630 3474 715 3526; x_wconf 90' lang='lat' dir='ltr'>multa</span> <span class='ocrx_word' id='word_1_314' title='bbox 741 3471 811 3524; x_wconf 87' lang='lat' dir='ltr'>mihi</span> <span class='ocrx_word' id='word_1_315' title='bbox 837 3471 1008 3535; x_wconf 82' lang='lat' dir='ltr'>debeantur,</span> <span class='ocrx_word' id='word_1_316' title='bbox 1033 3470 1067 3523; x_wconf 90' lang='lat' dir='ltr'><strong><em>de</em></strong></span> <span class='ocrx_word' id='word_1_317' title='bbox 1086 3470 1195 3543; x_wconf 67' lang='lat' dir='ltr'><strong><em>multis¹</em></strong></span> 
     </span>
     <span class='ocr_line' id='line_1_35' title="bbox 96 3543 1188 3616; baseline 0.002 -26"><span class='ocrx_word' id='word_1_318' title='bbox 96 3553 176 3606; x_wconf 82' lang='lat' dir='ltr'>pauca</span> <span class='ocrx_word' id='word_1_319' title='bbox 192 3545 316 3612; x_wconf 80' lang='lat' dir='ltr'>sumpsi?</span> <span class='ocrx_word' id='word_1_320' title='bbox 332 3543 375 3596; x_wconf 80' lang='lat' dir='ltr'><strong><em>Aa</em></strong></span> <span class='ocrx_word' id='word_1_321' title='bbox 392 3559 456 3597; x_wconf 81' lang='lat' dir='ltr'>vero</span> <span class='ocrx_word' id='word_1_322' title='bbox 472 3546 574 3596; x_wconf 84' lang='lat' dir='ltr'>iustum</span> <span class='ocrx_word' id='word_1_323' title='bbox 588 3553 624 3596; x_wconf 63' lang='lat' dir='ltr'>et*</span> <span class='ocrx_word' id='word_1_324' title='bbox 642 3560 759 3616; x_wconf 85' lang='lat' dir='ltr'>aequum</span> <span class='ocrx_word' id='word_1_325' title='bbox 778 3551 833 3606; x_wconf 87' lang='lat' dir='ltr'>est,</span> <span class='ocrx_word' id='word_1_326' title='bbox 852 3559 946 3607; x_wconf 80' lang='lat' dir='ltr'>asum,</span> <span class='ocrx_word' id='word_1_327' title='bbox 968 3543 1017 3613; x_wconf 85' lang='lat' dir='ltr'>qui</span> <span class='ocrx_word' id='word_1_328' title='bbox 1038 3557 1082 3604; x_wconf 77' lang='lat' dir='ltr'><strong><em>ane</em></strong></span> <span class='ocrx_word' id='word_1_329' title='bbox 1105 3547 1188 3593; x_wconf 81' lang='lat' dir='ltr'>taata&#39;</span> 
     </span>
     <span class='ocr_line' id='line_1_36' title="bbox 97 3612 1181 3687; baseline 0.003 -28"><span class='ocrx_word' id='word_1_330' title='bbox 97 3625 195 3664; x_wconf 83' lang='lat' dir='ltr'>somma</span> <span class='ocrx_word' id='word_1_331' title='bbox 220 3615 351 3681; x_wconf 83' lang='lat' dir='ltr'>privavit,</span> <span class='ocrx_word' id='word_1_332' title='bbox 377 3633 468 3686; x_wconf 87' lang='lat' dir='ltr'>neque</span> <span class='ocrx_word' id='word_1_333' title='bbox 485 3617 654 3679; x_wconf 85' lang='lat' dir='ltr'>iniustitiae,</span> <span class='ocrx_word' id='word_1_334' title='bbox 675 3631 766 3687; x_wconf 85' lang='lat' dir='ltr'>neque</span> <span class='ocrx_word' id='word_1_335' title='bbox 789 3616 906 3686; x_wconf 82' lang='lat' dir='ltr'>periurii</span> <span class='ocrx_word' id='word_1_336' title='bbox 931 3612 1102 3676; x_wconf 78' lang='lat' dir='ltr'>insimulasi3</span> <span class='ocrx_word' id='word_1_337' title='bbox 1126 3627 1181 3674; x_wconf 85' lang='lat' dir='ltr'>uae,</span> 
     </span>
     <span class='ocr_line' id='line_1_37' title="bbox 96 3681 1181 3758; baseline 0 -26"><span class='ocrx_word' id='word_1_338' title='bbox 96 3681 158 3748; x_wconf 89' lang='lat' dir='ltr'>quia</span> <span class='ocrx_word' id='word_1_339' title='bbox 178 3699 213 3735; x_wconf 86' lang='lat' dir='ltr'><strong><em>ex</em></strong></span> <span class='ocrx_word' id='word_1_340' title='bbox 230 3685 300 3738; x_wconf 89' lang='lat' dir='ltr'>mihi</span> <span class='ocrx_word' id='word_1_341' title='bbox 315 3685 417 3738; x_wconf 82' lang='lat' dir='ltr'>debitis</span> <span class='ocrx_word' id='word_1_342' title='bbox 429 3695 657 3758; x_wconf 58' lang='lat' dir='ltr'>*quotameuoque</span> <span class='ocrx_word' id='word_1_343' title='bbox 675 3695 780 3754; x_wconf 85' lang='lat' dir='ltr'>partem</span> <span class='ocrx_word' id='word_1_344' title='bbox 802 3684 943 3755; x_wconf 84' lang='lat' dir='ltr'>decerpsi,</span> <span class='ocrx_word' id='word_1_345' title='bbox 970 3683 1004 3736; x_wconf 85' lang='lat' dir='ltr'><strong><em>ad</em></strong></span> <span class='ocrx_word' id='word_1_346' title='bbox 1027 3681 1181 3734; x_wconf 81' lang='lat' dir='ltr'>tribunalia</span> 
     </span>
     <span class='ocr_line' id='line_1_38' title="bbox 95 3752 1234 3826; baseline -0.001 -23"><span class='ocrx_word' id='word_1_347' title='bbox 95 3755 206 3819; x_wconf 76' lang='lat' dir='ltr'>raptari,</span> <span class='ocrx_word' id='word_1_348' title='bbox 228 3759 413 3826; x_wconf 83' lang='lat' dir='ltr'>utpeaioaum</span> <span class='ocrx_word' id='word_1_349' title='bbox 431 3758 565 3821; x_wconf 78' lang='lat' dir='ltr'>accusari,</span> <span class='ocrx_word' id='word_1_350' title='bbox 584 3758 744 3810; x_wconf 83' lang='lat' dir='ltr'>inexilium</span> <span class='ocrx_word' id='word_1_351' title='bbox 764 3757 833 3825; x_wconf 86' lang='lat' dir='ltr'>pelli</span> <span class='ocrx_word' id='word_1_352' title='bbox 851 3763 880 3808; x_wconf 86' lang='lat' dir='ltr'><strong><em>et</em></strong></span> <span class='ocrx_word' id='word_1_353' title='bbox 895 3758 924 3807; x_wconf 86' lang='lat' dir='ltr'>in</span> <span class='ocrx_word' id='word_1_354' title='bbox 944 3761 1077 3807; x_wconf 81' lang='lat' dir='ltr'>extremas</span> <span class='ocrx_word' id='word_1_355' title='bbox 1096 3752 1182 3803; x_wconf 86' lang='lat' dir='ltr'>mise·</span> <span class='ocrx_word' id='word_1_356' title='bbox 1232 3759 1234 3764; x_wconf 90' lang='lat'>&#39;</span> 
     </span>
     <span class='ocr_line' id='line_1_39' title="bbox 95 3821 1180 3900; baseline 0 -28"><span class='ocrx_word' id='word_1_357' title='bbox 95 3821 144 3874; x_wconf 80' lang='lat' dir='ltr'>sias</span> <span class='ocrx_word' id='word_1_358' title='bbox 167 3823 293 3878; x_wconf 80' lang='lat' dir='ltr'>devolvit</span> <span class='ocrx_word' id='word_1_359' title='bbox 321 3830 407 3900; x_wconf 79' lang='lat' dir='ltr'>Atqui</span> <span class='ocrx_word' id='word_1_360' title='bbox 428 3829 449 3881; x_wconf 90' lang='lat' dir='ltr'>si</span> <span class='ocrx_word' id='word_1_361' title='bbox 475 3847 507 3881; x_wconf 87' lang='lat' dir='ltr'><strong><em>ea</em></strong></span> <span class='ocrx_word' id='word_1_362' title='bbox 526 3837 632 3881; x_wconf 81' lang='lat' dir='ltr'>tantum</span> <span class='ocrx_word' id='word_1_363' title='bbox 654 3829 788 3898; x_wconf 76' lang='lat' dir='ltr'>pensione</span> <span class='ocrx_word' id='word_1_364' title='bbox 810 3825 950 3879; x_wconf 84' lang='lat' dir='ltr'>fraudatus</span> <span class='ocrx_word' id='word_1_365' title='bbox 977 3839 1079 3886; x_wconf 86' lang='lat' dir='ltr'>essem,</span> <span class='ocrx_word' id='word_1_366' title='bbox 1110 3837 1180 3892; x_wconf 82' lang='lat' dir='ltr'>quae</span> 
     </span>
     <span class='ocr_line' id='line_1_40' title="bbox 95 3889 1191 3972; baseline 0.001 -29"><span class='ocrx_word' id='word_1_367' title='bbox 95 3889 184 3972; x_wconf 59' lang='lat' dir='ltr'>flomui</span> <span class='ocrx_word' id='word_1_368' title='bbox 201 3913 277 3950; x_wconf 85' lang='lat' dir='ltr'>meae</span> <span class='ocrx_word' id='word_1_369' title='bbox 295 3907 353 3951; x_wconf 84' lang='lat' dir='ltr'>erat</span> <span class='ocrx_word' id='word_1_370' title='bbox 369 3901 534 3963; x_wconf 86' lang='lat' dir='ltr'>constituta,</span> <span class='ocrx_word' id='word_1_371' title='bbox 551 3915 646 3970; x_wconf 85' lang='lat' dir='ltr'>parum</span> <span class='ocrx_word' id='word_1_372' title='bbox 662 3900 734 3950; x_wconf 88' lang='lat' dir='ltr'>iuste</span> <span class='ocrx_word' id='word_1_373' title='bbox 750 3897 848 3950; x_wconf 83' lang='lat' dir='ltr'>fuisset</span> <span class='ocrx_word' id='word_1_374' title='bbox 864 3905 954 3949; x_wconf 87' lang='lat' dir='ltr'>actum</span> <span class='ocrx_word' id='word_1_375' title='bbox 970 3909 1091 3957; x_wconf 78' lang='lat' dir='ltr'>meeum3</span> <span class='ocrx_word' id='word_1_376' title='bbox 1108 3892 1191 3944; x_wconf 84' lang='lat' dir='ltr'>siin--</span> 
     </span>
     <span class='ocr_line' id='line_1_41' title="bbox 95 3963 1181 4040; baseline 0 -27"><span class='ocrx_word' id='word_1_377' title='bbox 95 3975 172 4016; x_wconf 71' lang='lat' dir='ltr'>issem</span> <span class='ocrx_word' id='word_1_378' title='bbox 188 3973 299 4033; x_wconf 87' lang='lat' dir='ltr'>tamea,</span> <span class='ocrx_word' id='word_1_379' title='bbox 331 3986 394 4022; x_wconf 86' lang='lat' dir='ltr'><strong><em>eum</em></strong></span> <span class='ocrx_word' id='word_1_380' title='bbox 413 3971 603 4040; x_wconf 78' lang='lat' dir='ltr'>imperatorem</span> <span class='ocrx_word' id='word_1_381' title='bbox 627 3972 775 4030; x_wconf 73' lang='lat' dir='ltr'>reveritus,</span> <span class='ocrx_word' id='word_1_382' title='bbox 802 3975 861 4018; x_wconf 86' lang='lat' dir='ltr'><strong><em>tum</em></strong></span> <span class='ocrx_word' id='word_1_383' title='bbox 888 3969 953 4039; x_wconf 86' lang='lat' dir='ltr'>quia</span> <span class='ocrx_word' id='word_1_384' title='bbox 975 3963 1181 4024; x_wconf 80' lang='lat' dir='ltr'>existimassem,</span> 
     </span>
     <span class='ocr_line' id='line_1_42' title="bbox 95 4036 1181 4111; baseline -0.002 -25"><span class='ocrx_word' id='word_1_385' title='bbox 95 4036 295 4110; x_wconf 79' lang='lat' dir='ltr'>qualescunque</span> <span class='ocrx_word' id='word_1_386' title='bbox 317 4039 431 4093; x_wconf 74' lang='lat' dir='ltr'>tandm</span> <span class='ocrx_word' id='word_1_387' title='bbox 450 4057 465 4092; x_wconf 85' lang='lat' dir='ltr'>a</span> <span class='ocrx_word' id='word_1_388' title='bbox 482 4050 560 4111; x_wconf 81' lang='lat' dir='ltr'>patae</span> <span class='ocrx_word' id='word_1_389' title='bbox 575 4049 731 4093; x_wconf 80' lang='lat' dir='ltr'>crearentur</span> <span class='ocrx_word' id='word_1_390' title='bbox 743 4038 892 4098; x_wconf 76' lang='lat' dir='ltr'>molestiae,</span> <span class='ocrx_word' id='word_1_391' title='bbox 912 4037 969 4088; x_wconf 84' lang='lat' dir='ltr'>tilio</span> <span class='ocrx_word' id='word_1_392' title='bbox 984 4049 1071 4106; x_wconf 82' lang='lat' dir='ltr'>aequa</span> <span class='ocrx_word' id='word_1_393' title='bbox 1088 4041 1181 4085; x_wconf 83' lang='lat' dir='ltr'>mente</span> 
     </span>
     <span class='ocr_line' id='line_1_43' title="bbox 95 4102 1182 4183; baseline 0 -27"><span class='ocrx_word' id='word_1_394' title='bbox 95 4106 271 4173; x_wconf 76' lang='lat' dir='ltr'>sufferendas,</span> <span class='ocrx_word' id='word_1_395' title='bbox 294 4127 389 4183; x_wconf 86' lang='lat' dir='ltr'>neque</span> <span class='ocrx_word' id='word_1_396' title='bbox 404 4111 601 4175; x_wconf 84' lang='lat' dir='ltr'>accusandam,</span> <span class='ocrx_word' id='word_1_397' title='bbox 628 4127 719 4182; x_wconf 81' lang='lat' dir='ltr'>neque</span> <span class='ocrx_word' id='word_1_398' title='bbox 740 4109 835 4162; x_wconf 87' lang='lat' dir='ltr'>turbas</span> <span class='ocrx_word' id='word_1_399' title='bbox 853 4108 897 4160; x_wconf 85' lang='lat' dir='ltr'>iut</span> <span class='ocrx_word' id='word_1_400' title='bbox 913 4105 1039 4168; x_wconf 77' lang='lat' dir='ltr'>ciendae,</span> <span class='ocrx_word' id='word_1_401' title='bbox 1064 4102 1113 4156; x_wconf 81' lang='lat' dir='ltr'><strong><em>aad</em></strong></span> <span class='ocrx_word' id='word_1_402' title='bbox 1132 4121 1182 4156; x_wconf 80' lang='lat' dir='ltr'><strong><em>ao-</em></strong></span> 
     </span>
     <span class='ocr_line' id='line_1_44' title="bbox 96 4174 1182 4250; baseline -0.006 -17"><span class='ocrx_word' id='word_1_403' title='bbox 96 4177 212 4233; x_wconf 71' lang='lat' dir='ltr'>eandum</span> <span class='ocrx_word' id='word_1_404' title='bbox 243 4179 402 4246; x_wconf 81' lang='lat' dir='ltr'>duntaaat,</span> <span class='ocrx_word' id='word_1_405' title='bbox 432 4190 464 4235; x_wconf 87' lang='lat' dir='ltr'><strong><em>ut</em></strong></span> <span class='ocrx_word' id='word_1_406' title='bbox 516 4183 605 4235; x_wconf 86' lang='lat' dir='ltr'>laeide</span> <span class='ocrx_word' id='word_1_407' title='bbox 631 4183 719 4235; x_wconf 87' lang='lat' dir='ltr'>tilium</span> <span class='ocrx_word' id='word_1_408' title='bbox 753 4179 911 4250; x_wconf 81' lang='lat' dir='ltr'>dignaretur</span> <span class='ocrx_word' id='word_1_409' title='bbox 943 4179 1065 4248; x_wconf 74' lang='lat' dir='ltr'>aspicere</span> <span class='ocrx_word' id='word_1_410' title='bbox 1095 4174 1182 4227; x_wconf 79' lang='lat' dir='ltr'>mala·</span> 
     </span>
     <span class='ocr_line' id='line_1_45' title="bbox 95 4247 1194 4322; baseline -0.003 -21"><span class='ocrx_word' id='word_1_411' title='bbox 95 4261 147 4316; x_wconf 78' lang='lat' dir='ltr'><strong><em>qoe</em></strong></span> <span class='ocrx_word' id='word_1_412' title='bbox 164 4252 315 4306; x_wconf 79' lang='lat' dir='ltr'>moestifica</span> <span class='ocrx_word' id='word_1_413' title='bbox 331 4253 442 4309; x_wconf 81' lang='lat' dir='ltr'>tollere.</span> <span class='ocrx_word' id='word_1_414' title='bbox 504 4271 558 4307; x_wconf 84' lang='lat' dir='ltr'><strong><em>ona</em></strong></span> <span class='ocrx_word' id='word_1_415' title='bbox 574 4253 674 4307; x_wconf 83' lang='lat' dir='ltr'>ablatis</span> <span class='ocrx_word' id='word_1_416' title='bbox 696 4250 846 4315; x_wconf 83' lang='lat' dir='ltr'>simultis,</span> <span class='ocrx_word' id='word_1_417' title='bbox 872 4265 943 4322; x_wconf 83' lang='lat' dir='ltr'>quae</span> <span class='ocrx_word' id='word_1_418' title='bbox 964 4249 994 4304; x_wconf 84' lang='lat' dir='ltr'><strong><em>to</em></strong></span> <span class='ocrx_word' id='word_1_419' title='bbox 1012 4263 1103 4303; x_wconf 81' lang='lat' dir='ltr'>annae</span> <span class='ocrx_word' id='word_1_420' title='bbox 1127 4247 1194 4300; x_wconf 72' lang='lat' dir='ltr'>ael-0.</span> 
     </span>
    </p>
   </div>
   <div class='ocr_carea' id='block_1_4' title="bbox 0 0 1532 4922">
    <p class='ocr_par' dir='ltr' id='par_1_4' title="bbox 0 0 1532 4922">
     <span class='ocr_line' id='line_1_46' title="bbox 0 0 1532 4922; baseline 0 3"><span class='ocrx_word' id='word_1_421' title='bbox 0 0 1532 4922; x_wconf 95' lang='lat' dir='ltr'><strong><em> </em></strong></span> 
     </span>
    </p>
   </div>
  </div>
 </body>
</html>
