3128 4922
193 795 479 886 ΙΩΑΝΝΟΤ
513 796 626 885 Tor
658 791 1186 889 KANTAKOYZHNOY

430 974 654 1046 terentesn
677 975 882 1043 Bronton
906 980 952 1042 A.

251 1195 572 1294 IOANNIS
622 1195 1137 1295 CANTACUZENI

439 1379 736 1445 fflstomnnon
759 1379 887 1442 meets
918 1379 945 1444 1.

509 1783 865 1840 Ptntocnh

216 1922 341 1978 Michael
363 1923 483 1976 senioris
511 1920 674 1978 Andronici
692 1921 794 1991 filius,
815 1925 938 1976 iunioris
958 1937 1056 1994 pater,
1077 1927 1193 1998 filiabus
1213 1919 1244 1982 ist

145 1993 316 2046 matrimonio
347 1993 493 2048 collocatis
529 2007 556 2046 et
585 1993 658 2064 filiis
671 1994 800 2065 ‚parenti
824 1992 864 2046 ad
881 1992 1054 2048 educandum
1074 2001 1242 2060 commissis,

148 2079 182 2114 es
204 2067 305 2118 oriente
323 2065 491 2130 Byzantium
518 2062 649 2125 rediens,
681 2064 915 2131 Adrianopolin,
944 2063 1045 2118 deinde
1065 2067 1245 2122 Thessaloni·

148 2148 203 2186 cam
222 2133 364 2188 abeodem
382 2136 600 2188 transmittitur:
619 2133 668 2186 uli
681 2133 714 2188 de
727 2147 815 2186 morte
831 2135 891 2204 filii
910 2136 1053 2189 Manuelis
1072 2141 1176 2192 certior
1197 2139 1246 2210 fis·

145 2217 210 2266 etus,
227 2223 297 2274 prae
316 2205 395 2258 luctu
413 2205 591 2258 acerbissimo
608 2207 641 2257 in
658 2205 920 2268 montanisticos,
940 2225 994 2277 quc
1014 2209 1097 2261 etiam
1114 2209 1168 2261 hac
1188 2211 1247 2262 sita

142 2273 255 2328 decedit.
291 2275 383 2329 Senex
399 2288 483 2345 pater
499 2273 692 2330 Andronicum
711 2274 915 2328 adolescentem
934 2291 1080 2348 nepotem,
1109 2279 1246 2332 Constan-

140 2348 199 2398 tino
218 2344 337 2416 despota
352 2345 418 2416 filio
437 2363 507 2408 suo,
536 2345 688 2399 Michaelis
708 2363 841 2416 germano
851 2347 969 2417 fratre,
998 2349 1029 2400 in
1048 2352 1164 2418 imperio
1180 2366 1245 2402 sut·-

139 2434 171 2471 ro
189 2429 255 2478 ato,
277 2414 362 2486 idque
386 2433 445 2468 non
470 2429 526 2468 tam
550 2417 636 2486 ipsius
657 2417 855 2479 Constantini,
883 2435 966 2488 quam
985 2419 1135 2473 Michaelis
1162 2419 1245 2490 pueri

139 2491 168 2540 ei
201 2507 227 2538 m
252 2487 439 2542 Constantino
465 2505 500 2540 ιιι
520 2487 623 2556 pellice
652 2489 790 2556 suscepti,
818 2505 904 2541 causa
930 2486 1062 2542 abdicare
1097 2491 1246 2544 constituit

139 2557 218 2627 (Cep.
236 2555 269 2626 ι).
280 2557 347 2610 Post
361 2557 465 2610 obitum
473 2557 624 2610 Michaelis
638 2558 815 2628 imperatoris
832 2560 1047 2627 provinciarum
1059 2557 1202 2630 praesides
1221 2571 1249 2611 et

140 2631 321 2698 magistratus
340 2639 543 2682 sacramentnm
564 2645 669 2680 novum
685 2629 885 2697 postulantur,
902 2641 931 2682 et
949 2631 1061 2682 iuvenis
1081 2629 1245 2683 Andronici

140 2715 239 2752 nomen
266 2700 299 2750 in
319 2701 501 2768 conceptione
523 2700 678 2751 iuramenti
698 2700 891 2769 praeteritus-.-
916 2699 991 2766 solus
1012 2701 1243 2762 Cantacusenus,

141 2769 264 2824 cubiculi
286 2770 363 2820 sacri
379 2771 556 2840 praesiectus,
577 2786 611 2822 ne
630 2787 659 2821 sc
677 2769 780 2822 scelere
807 2771 997 2830 contaminet,
1027 2771 1124 2823 iurare
1149 2769 1246 2824 detre-

140 2851 215 2892 ctat:
235 2840 330 2892 veteri
345 2837 476 2909 formula
495 2841 592 2892 iurare
620 2841 736 2897 sinitur.
775 2837 892 2892 Tacitus
901 2839 964 2912 sert
982 2841 1120 2891 iniuriam
1142 2857 1244 2909 nepos,

139 2925 218 2992 quem
238 2910 412 2978 Syrgiannes
430 2911 479 2962 vir
497 2909 685 2962 nobilissimus
702 2910 776 2963 serio
795 2923 907 2970 monet,
928 2921 959 2962 ut
976 2909 1031 2960 sibi
1049 2910 1198 2974 consulat,·
1217 2921 1245 2960 et

139 2997 171 3030 sn
194 2997 256 3036 enm
277 2995 334 3033 rem
361 2997 473 3049 operam
488 2979 600 3051 fidelem
617 2977 740 3049 spondet.
787 2979 843 3032 Ille
871 2997 929 3032 rem
947 2997 1008 3031 cum
1029 2979 1243 3038 Cantacuseno,

138 3052 189 3120 qui
205 3063 264 3103 tum
284 3050 316 3100 in
330 3049 456 3103 dissocia
473 3063 590 3121 praetor
608 3051 793 3110 versabatur,
811 3061 843 3100 ut
860 3066 921 3102 cum
940 3051 1030 3102 amico
1049 3049 1169 3101 omnium
1187 3048 1247 3098 sin·

139 3122 303 3182 cecissimo,
327 3121 407 3188 prius
425 3118 684 3174 communicandam
710 3116 861 3186 censet(2).
880 3117 964 3170 Dolet
989 3121 1015 3170 is
1039 3135 1072 3170 ea
1097 3119 1247 3171 necessita·

139 3203 183 3256 te,
215 3208 300 3264 quam
321 3191 477 3261 Syrgianni
504 3191 681 3245 internuntio
707 3188 811 3243 diserte
828 3187 981 3259 explanat,
1002 3188 1189 3242 calamitatem
1211 3205 1245 3242 us

138 3263 171 3314 in
183 3273 324 3333 posterum
336 3263 506 3331 praesentit,
526 3273 553 3313 et
570 3261 817 3322 iuvenemintuto
837 3257 1044 3326 ceilmundum,-
1062 3258 1146 3314 allud
1161 3208 1247 3322 nihil,

138 3333 197 3385 nisi
222 3343 383 3401 cogantur,
417 3330 608 3401 incipiendum
638 3325 735 3382 suadet
749 3333 797 3401 (3).
828 3331 1127 3401 Christopolissugae,
1147 3343 1246 3398 nepote

137 3402 330 3474 approbante,
355 3397 497 3470 deligitur.
543 3403 755 3454 Cantacusenus
781 3419 795 3454 e
824 3401 949 3454 Thracia
980 3399 1247 3470 Constantinopolin

137 3476 279 3534 veniens,
302 3469 375 3539 quid
391 3471 446 3525 sibi
463 3491 523 3527 cum
542 3471 700 3543 Syrgianne
721 3472 905 3531 conuenerit,
933 3473 1101 3524 renuntiat:
1118 3475 1247 3539 Apocau·

139 3541 219 3595 enum
248 3542 387 3596 hominem
421 3543 534 3598 obscuri
557 3545 687 3614 generis,
711 3541 762 3594 sed
780 3537 944 3613 prudentem
972 3541 1002 3592 in
1023 3541 1118 3601 rimis,
1143 3559 1161 3592 a
1190 3557 1246 3610 quo

137 3611 312 3683 postmodum
330 3611 381 3664 diu
400 3612 627 3684 vehementerque
647 3609 798 3666 dissecatus
816 3625 867 3673 est,
886 3624 917 3663 ut
932 3559 1040 3682 patalis
1055 3611 1104 3662 lib.
1116 3612 1153 3672 3..
1181 3609 1247 3676 Syr-

139 3684 245 3752 gianni
268 3682 457 3754 gratificans,
493 3681 657 3738 Andronico
683 3681 857 3736 commendat
872 3681 919 3751 (4).
944 3683 1052 3734 Causae
1071 3678 1184 3732 dissidii
1201 3681 1247 3732 in-

140 3764 188 3806 ter
205 3769 290 3808 avum
308 3766 336 3808 et
352 3767 476 3824 nepotem
494 3757 569 3808 aliae
588 3754 766 3825 antiquiores
776 3749 948 3822 afferuntur,
964 3751 1140 3823 prolatisque
1156 3765 1247 3802 essem·

137 3824 216 3893 plis,
250 3841 323 3878 avus
356 3827 461 3880 nimiae
489 3826 665 3880 austeritatis
699 3837 725 3877 et
751 3823 974 3893 importunitatis
994 3816 1247 3886 insimulatur(5),

139 3911 224 3964 quam
245 3895 294 3948 illi
313 3911 366 3965 per
380 3895 572 3964 patriarcham
593 3894 736 3965 Iosephum
756 3911 840 3962 nepos
859 3893 1017 3963 exprobrat.
1053 3893 1131 3942 Avus
1148 3906 1176 3942 se
1197 3905 1248 3940 ees-

140 3978 227 4018 cusat.
265 3965 405 4019 Placatur
419 3983 511 4037 nepos.
553 3967 653 4018 Verum
672 3965 741 4019 haee
758 3963 899 4017 Michaele
913 3961 1005 4014 adhuc
1022 3961 1147 4012 uiuente.
1185 3961 1246 4026 Quo

130 4033 208 4102 satis
226 4035 371 4097 absumta,
390 4051 451 4089 cum
487 4033 607 4090 uoddam
617 4035 722 4089 dictum
740 4033 881 4104 redigeret
899 4033 927 4085 ei
944 4035 976 4083 in
993 4029 1169 4089 memoriam,
1188 4045 1244 4099 quo

138 4101 283 4159 honestius
310 4123 372 4158 eum
398 4056 572 4160 hereditaria
599 4107 773 4160 successione
795 4105 929 4158 multaret
944 4099 1000 4171 (6),
1020 4097 1142 4154 ostendit
1162 4115 1246 4165 nepos

133 4191 194 4298 pua
213 4189 308 4230 mente
323 4173 446 4228 dixerit:
466 4179 581 4230 veniam
598 4175 709 4230 delictis
725 4177 785 4228 suis
801 4175 889 4245 petit3
911 4173 958 4227 cui
971 4173 1193 4228 Cantacusensss,
1213 4177 1246 4248 ut

147 4259 239 4304 ustam
264 4263 380 4301 cansam
398 4246 523 4329 habenti,
546 4259 628 4303 semet
654 4258 681 4300 et
699 4247 794 4300 omnia
811 4264 863 4300 sua
874 4242 965 4314 offert.
999 4243 1102 4300 lterum
1114 4238 1244 4312 perfugio
