3082 4940
461 327 747 398 ursaonnmm
771 335 811 398 a.
833 338 886 403 aa
1146 297 1229 388 555

140 485 176 554 τά
198 489 232 554 ἐν
243 481 399 576 Θαβωρίιρ
425 485 499 566 τοδς
517 483 665 572 μαθητάς
683 484 890 574 περιλάμψαν
910 477 1097 572 φάς’άΐδιον
1109 482 1165 550 καί
1177 487 1304 550 rte-Ml·
1316 485 1378 556 ¹³i¹

139 584 295 662 πιθτευιια
305 585 361 651 καί
372 580 455 652 εἶναι
468 585 621 670 δμολογά.
628 584 827 664 Ἐπίτοάτοις
840 588 896 652 καί
903 587 935 650 Γ
932 583 1078 672 ρηγόριος
1091 581 1108 650 δ
1121 590 1239 653 linia-

138 689 204 768 μᾶς
218 687 272 752 καί
286 679 354 752 ὅσοι
368 683 427 751 σάν
439 677 526 776 αὐτῷ
534 677 617 772 ἦσαν
629 677 829 762 άναστάντες,
848 682 1053 772 περιέβαλλάν
1064 709 1096 750 τε
1106 681 1238 772 Bupalus

140 783 185 866 άμ
204 787 260 849 καί
269 782 453 869 συγγνώμην
462 787 517 850 ἐπὶ
528 793 595 859 τοῖς
606 787 770 872 προτέροις
783 776 914 866 άσμενοι
923 791 1084 870 παρεῖχον·
1104 781 1239 872 έπήνουν

119 888 173 950 ὅτε
196 885 253 970 τῆς
275 886 372 968 καλῆς
398 887 574 970 μεταβολῆς
594 883 652 952 καί
667 886 711 973 τῷ
730 887 796 972 θεῷ
816 885 872 970 τής
893 881 1042 966 ὁμονοίας
1062 883 1240 968 ὡμολόγουν

137 982 292 1068 χάριτας,
313 983 504 1070 φάσκοντες,
533 985 603 1050 οὐδ’
626 977 719 1050 arisai
738 984 856 1069 γηίνων
880 985 971 1050 ἕνεκα
989 983 1044 1050 ταί
1065 986 1239 1069 φθειρομέ-

139 1106 203 1148 νων
223 1081 420 1170 πραγμάτων
444 1086 596 1150 τοσοῦτον
616 1081 833 1168 ἐνστήσασθαι
859 1083 966 1166 άγάνα
977 1133 988 1166 ,
1008 1075 1078 1148 ἀλλ’
1102 1083 1159 1165 ,ἵνα
1178 1080 1237 1167 μή,

139 1185 187 1258 εἰς
205 1184 332 1258 πλειους
361 1184 605 1268 διανεμηθέντος
625 1186 686 1248 τοῦ
712 1184 831 1266 sarad,
863 1179 886 1267 ή
910 1183 1153 1270 διεφθαρμένων
1182 1183 1238 1246 do·

141 1277 271 1364 γμάτων
301 1278 467 1358 άνάπλεως
483 1285 610 1368 γένηται
634 1281 655 1367 ή
683 1275 896 1366 baioarica?
923 1279 1136 1367 διαστασιάσῃ
1158 1277 1264 1366 rspice

104 1376 275 1463 audouario,
304 1381 370 1446 τάν
396 1381 456 1461 μέν
482 1379 605 1458 τούτοις
612 1431 625 1469 ,
652 1383 717 1445 τάν
735 1381 771 1446 δὲ
798 1378 927 1456 ένείνσις
957 1379 1237 1469 προστιθεμένων,

140 1481 196 1544 καί
212 1475 267 1544 διά
289 1481 383 1544 τοῦτο
407 1476 464 1542 καί
479 1482 534 1546 τοῦ
553 1477 685 1565 μετρίου
700 1481 783 1564 πέρα
796 1478 941 1566 δφθήναι
955 1480 1154 1567 φιλονείιιους
1161 1529 1172 1561 ,
1185 1472 1239 1546 ὅτε

140 1575 181 1664 δή
199 1579 235 1643 έν
258 1580 320 1658 μὲν
338 1587 405 1653 τοῖς
437 1569 545 1655 άλλοις
562 1572 663 1644 dnum
683 1575 805 1666 πρήους
819 1572 901 1643 εἶναι
918 1580 1160 1662 δεδιδαγμένους
1185 1580 1240 1644 καί

139 1677 317 1755 ταπεινούς·
339 1681 374 1743 έν
396 1673 444 1754 οἷς
461 1679 498 1744 δὲ
514 1677 591 1754 θεός
608 1679 679 1744 έστι
698 1674 736 1742 τά
756 1671 1030 1759 κινδυνευόμενον,
1051 1673 1134 1758 ὀξεῖς
1153 1670 1336 1764 adiuvabo

142 1774 197 1840 καί
211 1774 464 1862 ἀπαραιτήτως,
486 1774 543 1842 κατ’
561 1774 643 1861 μήτε
663 1772 740 1860 πρὸς
767 1773 824 1860 τήν
857 1769 988 1852 άδοξίαν
1009 1776 1240 1861 δυσχεραίνειν,

103 1872 219 1961 τδμήτε
246 1873 327 1962 πρδς
349 1872 406 1942 τάν
426 1873 514 1962 παρά
542 1877 604 1942 τάν
633 1873 814 1961 άνθράιιων
845 1871 975 1941 ἔπαινον
994 1875 1241 1957 μαλακιζεσθαι.

140 1973 211 2039 ἐπεὶ
232 1975 268 2040 δέ
294 1970 386 2058 δτής
406 1977 531 2061 εἰρήνης
560 1977 616 2042 καί
641 1978 698 2061 τής
733 1971 881 2056 άμονοίας
902 1971 979 2050 θεὸς
1001 1975 1047 2050 εἰς
1064 1975 1099 2040 ἓν
1114 1974 1240 2060 συνῆψε

140 2070 182 2137 τά
204 2075 374 2156 διεστῶτα,
394 2068 492 2140 αάτοί
515 2099 549 2140 τε
566 2076 742 2164 προθάμως
772 2068 1003 2160 ἀποστήσονται
1028 2069 1239 2160 φιλονεικίας,

140 2171 195 2238 καί
215 2174 302 2261 aava
332 2171 450 2260 πολλήν
479 2174 645 2260 εἶδήσουσι
675 2173 735 2258 τήν
758 2171 871 2260 χάριν,
900 2171 1041 2254 μάλιστα
1061 2170 1238 2262 αἰτιωτάτῳ

139 2274 196 2357 τής
217 2272 341 2360 εἰρήνης
360 2272 434 2342 νυνί
462 2278 666 2364 γεγενημένῳ.
704 2273 774 2340 Ἐπί
799 2269 923 2348 τούτοις
954 2271 1010 2339 καί
1032 2269 1183 2355 βασιλτάς
1202 2293 1240 2335 τε

101 2374 198 2439 noxas*
217 2371 419 2458 πατριάρχης
442 2368 502 2440 dou
526 2371 591 2440 ἔδει
627 2375 847 2458 διαλεχθέντες
874 2373 950 2456 περί
962 2373 1090 2458 εἰρήνης
1110 2367 1189 2456 πρὸς
1206 2365 1271 2434 ἓ-.Ι)

141 2473 309 2558 κατέρους,
332 2473 517 2540 διελύσαντο
546 2471 605 2558 τήν
621 2469 762 2539 σάνοδον.
803 2469 967 2556 Βαρλοιάμ
990 2474 1027 2536 δὲ
1049 2466 1154 2556 ὀλίγας
1168 2473 1238 2534 Βυ-
1333 2522 1335 2538 .

142 2571 257 2658 ζαντίφ
275 2570 484 2659 ἐνδιατράμας
511 2572 650 2658 ἡμέρας,
685 2575 755 2638 ἐπεὶ
772 2576 828 2636 καί
849 2570 868 2636 o‘
888 2569 1040 2654 darsiria
1057 2568 1238 2650 έτελεάτησε

140 2667 223 2750 μετά
254 2667 386 2754 μικράν,
406 2670 463 2735 καί
480 2669 538 2745 τάς
552 2674 628 2754 περί
649 2670 689 2737 τά
715 2673 859 2755 δόγματα
878 2667 1130 2754 ἀμφισβητήσεις
1143 2659 1238 2731 οάδὲν

140 2759 232 2853 ἦττον
260 2762 460 2853 δχόμενοςή
492 2768 643 2855 πρότερον
649 2820 660 2851 ,
694 2772 748 2854 τῆς
790 2767 880 2852 δίκης
913 2764 958 2844 τάς
981 2766 1239 2853 έκδεδιητημένης

142 2952 178 3005 ab
198 2954 238 3004 eis
256 2950 403 3014 dissidere,
434 2958 462 3004 et
485 2951 607 3022 quadiu
628 2949 740 3005 Thabor
760 2952 853 3004 lumen
871 2948 1021 3020 discipulos
1040 2948 1235 3012 circumlulsit,

142 3024 257 3094 gloriam
276 3023 346 3086 Dci,
365 3023 498 3092 principii
518 3031 659 3091 expertem
678 3031 706 3076 et
724 3032 865 3074 aeternum
886 3039 945 3075 esse
964 3022 1057 3074 lumen
1076 3019 1189 3074 credere
1207 3035 1237 3072 se

141 3101 225 3165 atque
245 3095 380 3147 confiteri.
417 3093 483 3146 Μοε
511 3093 659 3162 Gregorius
683 3094 801 3146 Palamas
826 3111 887 3144 cnm
919 3100 1001 3146 coetu
1022 3109 1071 3144 suo
1096 3097 1237 3159 surgentes

141 3165 367 3236 barlaamumque
393 3164 546 3233 complexi,
577 3165 685 3216 veniam
709 3165 867 3232 praeteritis
893 3162 1016 3216 libenter
1046 3159 1183 3215 dederuut
1209 3165 1238 3213 ct

141 3235 310 3303 praeclaram
328 3237 409 3288 istam
423 3234 606 3286 mutationem
620 3231 829 3304 praedicarunt,
848 3235 964 3304 Deoque
980 3235 1055 3303 pacis
1075 3241 1102 3284 et
1120 3247 1236 3284 concor-

142 3304 206 3358 diae
226 3307 327 3374 gratias
347 3314 480 3374 egerant,
501 3305 680 3373 profitentes,
703 3321 754 3357 nec
772 3321 802 3358 se
820 3313 990 3356 terrenarum
1009 3321 1041 3356 ac
1059 3302 1236 3374 pereuntium

142 3391 233 3428 rerum
252 3377 339 3444 gratia
357 3385 411 3428 tam
429 3375 528 3428 acriter
546 3391 695 3444 pugnasse:
718 3375 830 3437 sedne,
848 3374 879 3426 in
896 3375 989 3442 plures
1009 3375 1080 3426 malo
1100 3388 1236 3443 propaga-

144 3453 190 3508 to,
208 3455 256 3498 aut
274 3463 463 3516 perversorum
481 3444 638 3514 dogmatum
666 3447 781 3498 ecelesia
803 3445 972 3514 repleretur,
998 3453 1047 3497 aut
1069 3442 1237 3500 factionibus

143 3525 173 3568 et
191 3516 312 3570 dissidiis
324 3519 355 3570 in
372 3534 400 3569 se
417 3519 478 3586 ipsa
496 3514 685 3581 divideretur,
704 3516 769 3569 dum
788 3516 836 3567 alil
854 3514 916 3579 bis,
934 3517 983 3568 alii
1002 3516 1059 3568 illis
1078 3513 1235 3566 adhaerent.

142 3589 182 3642 Δσ
202 3595 348 3656 propterea
367 3587 515 3640 immodice
531 3585 666 3655 litigiosos
686 3595 715 3638 sc
734 3587 902 3657 apparuisse,
920 3588 969 3657 qui
986 3587 1016 3637 in
1031 3586 1093 3637 aliis
1108 3583 1237 3636 omnibus

99 3696 109 3722 ,
144 3658 180 3711 ad
198 3657 437 3720 mansuetudinem
456 3663 485 3708 ct
502 3657 586 3710 animi
611 3655 822 3710 submissionem
841 3654 944 3708 cruditi
970 3657 1043 3709 sint:
1072 3655 1120 3706 nbi
1144 3662 1238 3709 autem

143 3729 219 3780 Deus
245 3729 276 3780 ia
299 3729 453 3798 periculum
471 3735 603 3792 vocatur,
630 3726 671 3780 ibi
691 3736 831 3797 promptas
850 3743 909 3778 esse
931 3735 959 3778 et
977 3725 1177 3779 inexorabiles:
1207 3733 1237 3778 ct

143 3815 236 3868 neque
254 3798 288 3852 ad
307 3799 487 3868 opprobrium
505 3815 678 3868 aegrescere,
697 3815 788 3870 neque
808 3797 843 3849 ad
860 3795 1131 3849 laudemhumanam
1150 3795 1236 3848 emol-

143 3869 254 3922 lescere.
283 3869 421 3942 Quoniam
438 3885 502 3922 vero
521 3870 596 3938 pacis
617 3877 646 3922 et
664 3868 828 3922 concordiae
846 3867 921 3919 Deus
941 3865 1072 3920 distantia
1090 3865 1236 3935 copularit,

72 3977 75 3984 ,
144 3947 174 3993 et
191 3957 220 3991 sc
259 3949 365 4010 rompte
384 3957 400 3990 a
420 3941 599 3994 contentione
625 3938 757 3999 desistere
785 3947 813 3992 et
837 3937 879 3990 illi
905 3939 1006 4008 gratias
1040 3937 1159 3998 habere,
1186 3938 1236 4007 qni

143 4011 217 4078 pacis
239 3957 325 4064 buius
356 4017 450 4062 auctor
476 4011 610 4080 imprimis
637 4011 729 4064 fuerit
766 4008 940 4062 Postmodum
965 4011 1113 4077 imperator
1140 4014 1169 4059 et
1185 4023 1236 4075 pa-

66 4099 69 4105 ·
143 4079 263 4134 triarcba
281 4089 414 4152 utrosque
431 4079 466 4133 de
484 4096 567 4149 paee,
584 4089 616 4132 ut
634 4081 798 4150 oportebat,
825 4077 947 4140 allocuti,
968 4079 1103 4147 synodum
1121 4077 1236 4130 dimise·

144 4157 216 4208 ruat.
256 4153 411 4204 Barlaamus
429 4150 505 4204 haud
523 4152 632 4222 longum
651 4161 757 4222 tempus
774 4151 897 4220 Byzantii
914 4157 1053 4213 moratus,
1072 4150 1236 4218 imperatore

142 4218 220 4288 brevi
239 4220 387 4288 defuncto,
417 4239 505 4298 acque
524 4231 555 4281 ut
572 4223 649 4295 prius
669 4221 703 4278 dc
726 4222 860 4294 dogmatis
877 4221 956 4276 litem
974 4221 1075 4284 morit,
1103 4218 1235 4274 iudicium
