3114 4930
277 311 333 416 58
624 407 630 418 ,
675 339 954 409 clericorum

131 507 194 565 tc.
206 489 361 566 rtsrdiid
376 499 432 562 καί
447 495 549 582 αδτὴν
562 494 778 583 ἀφαιρεθῆναι
797 493 896 582 ζαῆν»
916 489 964 560 ὅδ’
977 487 1111 580 ηόξατο,
1139 491 1186 578 μὴ
1204 493 1266 570 ζάν
1280 489 1360 556 idcir

278 593 426 681 τοιαότην
441 597 573 682 ἡμέραν,
595 598 628 661 ἐν
642 587 662 682 ᾗ
675 594 840 680 γενήσεταί
853 617 904 660 σοι
917 596 961 682 τῷ
973 599 1103 676 βασιλεῖ
1111 593 1167 657 καί
1180 593 1224 680 τῷ
1241 589 1358 677 πάππιρ

278 693 480 774 δικαζόμενον
499 695 594 760 ἰδεῖν·
616 693 655 758 οδ
675 691 736 780 γάρ
759 694 863 777 δίιιης,
893 693 1059 776 καταδίκης
1079 693 1116 756 δὲ
1134 685 1257 772 μᾶλλόν
1276 690 1362 754 ἔστιν

278 793 396 876 ἀληθὲς
415 790 473 878 τὴν
491 789 612 878 ἡμέραν
631 801 812 878 προσειπεῖν
830 789 957 876 ἐκείνην.
997 785 1067 866 ἑνός
1093 789 1154 877 γάρ
1185 779 1275 863 ὄντος
1300 787 1361 850 acii

279 889 455 970 δικάζοντος
475 892 530 956 καί
546 894 606 956 τοῦ
626 891 887 976 κατηγοροδντος,
914 889 1009 954 οάδὲν
1028 881 1105 953 άλλο
1126 889 1265 953 λείπεται
1284 881 1382 949 σον-5

276 983 372 1070 άγειν.
414 980 517 1065 άλλως
536 996 565 1053 τ’
584 987 661 1052 eddi
680 993 744 1054 cciv
763 985 901 1073 ἀνοήτων
919 984 937 1051 ό
956 985 1126 1071 βασιλεός,
1159 980 1240 1052 ὥσθ’
1262 977 1363 1056 uisus·

280 1085 515 1170 ἀπερισκέπτως
528 1087 708 1173 ὁρμηθῆναι
725 1084 805 1172 πρός
816 1083 874 1171 τὴν
888 1084 977 1171 δίκην
984 1137 994 1168 ,
1025 1085 1070 1161 ὥς
1084 1088 1140 1151 καί
1154 1083 1264 1170 καιρόν
1282 1080 1363 1144 ἀπο-

252 1185 387 1266 litorius
407 1206 458 1249 σοι
477 1194 671 1270 παρασχεῖν,
698 1187 754 1250 καί
773 1178 792 1270 ἢ
811 1181 851 1249 τό
871 1185 1052 1268 ἐγκλήματα
1073 1177 1315 1261 άπολόσασδαι,
1341 1169 1364 1262 ἢ

279 1283 335 1345 καί
351 1281 558 1364 ἀδικούμενον
570 1277 685 1349 ἑαυτόν
701 1279 885 1360 ἀποδείξαι·
906 1279 987 1348 ἀλλά
1005 1283 1141 1366 βαθείας
1158 1275 1203 1346 ἀν
1218 1280 1274 1344 καί
1288 1301 1366 1344 σον-

278 1382 370 1466 ετῆς,
391 1379 434 1456 ric
449 1378 559 1464 ἴσμεν,
581 1380 713 1468 φρενός,
735 1381 790 1448 και“
809 1380 910 1458 δεινός
932 1380 1095 1468 πράγμασι
1118 1381 1280 1466 χρῆσθαι,
1298 1374 1409 1441 τότίο

280 1477 337 1543 ἐπὶ
350 1482 407 1562 τῆς
419 1480 507 1563 δίκης
526 1503 563 1545 σε
575 1479 778 1566 καταστήσει,
809 1475 863 1546 ότε
881 1477 962 1567 πρός
977 1479 1012 1544 τό
1028 1479 1116 1567 αότῷ
1133 1479 1244 1544 δοκοῦν
1259 1473 1369 1540 πάντα

279 1577 671 1662 προκατασκευασάμενος,
692 1577 822 1656 οδδενός
838 1571 937 1644 ἀλλον
955 1579 1099 1661 λείποιτο,
1119 1571 1214 1662 ἢτῆν
1235 1572 1367 1676 ἀπόφα-

280 1697 333 1739 σιν
351 1677 517 1759 ἐξενεγκεῖν
535 1672 614 1742 κατά
631 1679 691 1743 σοδ
699 1702 710 1723 ·
738 1677 794 1743 καί
811 1679 924 1759 τοῦτο,
945 1678 998 1742 ἵνα
1019 1678 1075 1742 καί
1090 1685 1156 1751 τοῖς
1175 1671 1235 1752 ἔξω
1257 1675 1366 1736 δίκαια

282 1775 388 1858 δοκοίη
407 1783 516 1857 ποιεῖν,
537 1774 582 1851 ἀς
597 1774 653 1842 ἐπί
669 1783 735 1852 τοῖς
750 1769 971 1852 ἀνοσιωτάτοις
990 1777 1051 1840 σοῦ’
1070 1775 1214 1862 φανεράς
1227 1766 1368 1836 ἑαλωκό-

281 1895 334 1946 τος
350 1870 472 1938 καί-διά
485 1877 579 1948 τοῦτο
597 1876 727 1951 δικαίως
742 1875 918 1960 πάσχοντος
938 1871 1073 1940 drocis?
1126 1872 1267 1938 Τοιαῦτα
1284 1865 1412 1955 πρόςιὸ

281 1965 439 2058 ἀλλήλους
452 1971 656 2057 ὁμιλούντων,
678 1968 775 2052 αὖθις
793 1968 849 2062 ἧκε
867 1972 1010 2062 μηνυτὴς
1026 1975 1129 2062 ἔτερος
1150 1973 1185 2036 ἐκ
1200 1969 1368 2054 βασιλέως,

281 2072 482 2138 ἀπισπεόδων
496 2070 553 2158 τὴν
570 2077 604 2140 ἒν
618 2074 791 2158 βασιλείοις
806 2067 916 2162 άφιξιν
930 2074 977 2161 τῷ
993 2071 1120 2162 ἐργάνην·
1140 2069 1211 2153 ὅδ’,
1233 2067 1287 2156 (ori
1304 2066 1368 2153 γάρ

169 2161 172 2172 ’
256 2173 356 2255 (Ξάξῆν
378 2164 492 2254 ἑτέρως
514 2173 625 2259 triv)
648 2173 826 2260 dptsusltuc
847 2170 928 2259 πρός
942 2170 995 2238 τόν
1015 2173 1149 2254 βασιλέα
1166 2167 1382 2247 reinduam·

283 2265 366 2356 λόπη
380 2270 478 2356 πολλῇ
495 2267 661 2354 τηκόμενος
673 2270 732 2356 τήν
752 2271 877 2354 ψυχὴν,
914 2267 969 2334 διά
992 2266 1027 2335 τό
1045 2267 1101 2334 τόν
1121 2271 1222 2352 μέγαν
1245 2261 1369 2330 ἀπόντα

285 2367 469 2447 δομέστικον
497 2367 542 2452 μὴ
572 2367 647 2455 περί
670 2372 737 2434 τάν
761 2367 925 2454 παρόντων
946 2365 1112 2453 ἐσχηκέναι
1132 2363 1414 2446 σονδιασκέψα-αο

284 2469 374 2530 σθαι.
413 2462 512 2541 §sidric
531 2468 566 2532 δὲ
582 2464 662 2550 μετά
682 2465 796 2554 μικρόν
815 2465 877 2556 ,καί
892 2463 910 2531 ό
926 2465 1026 2550 μὲμας
1046 2467 1226 2548 δομέστικος
1245 2455 1320 2549 ἧκεν
1334 2463 1369 2525 όν

285 2562 474 2648 βασιλείοις,
502 2565 558 2631 καί
570 2563 626 2632 τόν
640 2569 701 2650 μὲν
711 2566 852 2651 ’βασιλέα
872 2565 960 2652 παρά
978 2569 1023 2655 τῷ
1037 2570 1167 2647 βασιλεῖ
1181 2567 1236 2629 καί
1251 2559 1368 2652 πάππιρ

285 2659 375 2727 ἔνδον
396 2659 539 2748 εόρισκεν
560 2657 652 2749 ὄντα,
685 2665 741 2731 τόν
768 2662 1032 2752 πρατοστράταρα
1053 2665 1081 2728 δ’
1103 2659 1163 2744 ἔξω
1184 2661 1370 2748 καθήμενον,

286 2759 343 2828 καί
353 2764 393 2850 τῇ
413 2753 489 2846 όψει
504 2761 562 2849 την
574 2762 665 2830 ἔνδον
680 2762 825 2852 ταραχὴν
841 2766 898 2847 τῆς
912 2761 1046 2851 καρδίας
1066 2763 1123 2828 καί
1139 2759 1198 2848 τόν
1214 2759 1370 2847 φροντίδα

285 2935 342 2970 non
359 2918 472 2988 imperio
490 2926 604 2984 tantum,
622 2922 816 2975 verumetiam
828 2924 885 2975 rita
899 2937 999 2985 carcre,
1018 2921 1066 2973 ille
1083 2923 1169 2974 emori
1187 2918 1371 2987 optabat'po·

287 2990 352 3053 tius,
372 3008 452 3060 quam
466 2991 558 3044 videre
572 2991 645 3045 diem
659 2993 753 3056 illum,
780 3000 880 3064 quotu
900 2991 1004 3044 iudicio
1028 3008 1087 3043 cum
1104 3007 1153 3043 avo
1173 2987 1369 3044 contenderes:

285 3063 432 3113 nonenim
450 3061 564 3124 iudicii,
591 3064 639 3116 sed
656 3062 891 3116 condemnationis
913 3061 985 3114 diem
1003 3077 1095 3114 resera
1114 3059 1252 3132 appellare
1268 3072 1372 3110 couse-

286 3131 338 3182 nit
364 3131 442 3183 -Cum
465 3133 538 3184 enim
554 3132 628 3185 idem
648 3134 684 3186 sit
704 3135 811 3186 iuturus
831 3135 929 3197 iudex,
955 3131 1002 3203 qui
1017 3139 1169 3195 accusator,
1192 3126 1268 3180 aliud
1284 3127 1370 3178 ratio-

288 3201 407 3252 ciunndo
426 3203 516 3272 colligi
530 3202 602 3255 uilril
623 3213 722 3272 potest.
759 3205 899 3258 Praeterea
916 3221 973 3255 non
989 3201 1028 3254 ita
1044 3211 1085 3254 est
1105 3203 1253 3271 insipiens,
1271 3205 1303 3249 ut
1314 3205 1370 3248 tam

289 3269 488 3324 inconsiderate
502 3272 537 3324 ud
553 3273 686 3326 iudicium
706 3275 824 3338 ieratur,
859 3273 967 3345 tibique
986 3282 1092 3342 tempus
1106 3275 1186 3325 ctiam
1201 3265 1371 3322 defendendi

289 3339 440 3405 concodat,
459 3359 512 3412 quo
525 3351 572 3394 aut
586 3343 760 3396 innocentem
773 3353 821 3396 aut
837 3346 919 3396 etiam
934 3345 1034 3395 iniuria
1049 3347 1175 3396 affectum
1189 3349 1216 3392 tc
1233 3338 1372 3400 ostendas,

289 3407 338 3461 sed
360 3427 421 3462 curu
446 3413 498 3474 sit,
526 3411 599 3482 quod
619 3415 731 3476 scimus,
750 3417 899 3485 praestanti
920 3413 1067 3484 prudentia
1087 3422 1115 3466 et
1134 3428 1223 3465 rerum
1240 3407 1373 3480 gerenda·

288 3481 500 3544 rum'callidus,
525 3491 584 3534 tum
603 3481 711 3534 demum
726 3485 755 3536 iu
772 3482 906 3536 iudicium
921 3491 948 3535 te
964 3482 1097 3548 adducet,
1126 3481 1234 3555 quando
1255 3482 1314 3533 cius
1329 3497 1373 3530 ar·

288 3549 391 3602 bitratu
409 3553 582 3621 praestructis
595 3553 738 3618 omuibus,
761 3571 846 3606 unum
863 3553 915 3606 boc
933 3554 1061 3618 restabit,
1086 3562 1119 3606 ut
1135 3552 1272 3606 sententia
1287 3550 1321 3600 de
1335 3558 1374 3612 ta,

288 3627 427 3692 tamquam
446 3621 480 3676 de
494 3623 762 3678 sceleratissimorum
777 3626 926 3677 facinorum
940 3625 1099 3688 manifesto,
1117 3632 1145 3676 et
1159 3623 1194 3676 ob
1210 3620 1238 3673 id
1255 3618 1376 3692 quibus-

288 3691 329 3744 vis
342 3694 483 3764 suppliciis
499 3693 727 3758 excarnificando,
752 3705 785 3748 ut
801 3696 840 3748 sic
855 3695 927 3764 apud
947 3703 1053 3756 exteros
1072 3697 1153 3747 etiam
1175 3693 1297 3745 iustitiae
1313 3692 1376 3759 opi·

288 3763 402 3816 niunem
424 3765 546 3827 auferat,
572 3768 774 3834 pronuntietur,
817 3767 890 3818 llaec
911 3765 967 3818 illis
987 3767 1017 3818 in
1036 3765 1174 3834 colloquio
1191 3760 1377 3832 agitantibus,

291 3849 354 3892 ecce
373 3835 443 3886 alius
459 3828 494 3887 ab
511 3836 673 3904 imperatore
695 3836 847 3907 apparitor,
873 3839 920 3906 qui
936 3845 1065 3905 nepotem
1084 3841 1191 3905 urgeret
1214 3832 1249 3883 ad
1265 3831 1374 3900 regiam.

291 3902 367 3972 Quia
381 3921 444 3976 ergo
464 3905 544 3958 aliter
563 3907 705 3973 nequibat,
726 3925 780 3978 quo
798 3908 945 3960 vocabatur
963 3907 1022 3970 ivit,
1044 3907 1128 3958 mults
1147 3906 1243 3974 plenus
1259 3902 1376 3960 moesti-

291 3973 389 4028 tudine
406 3984 518 4045 propter
536 3977 628 4047 magni
644 3976 787 4031 domestici
802 3978 963 4038 absentiam,
982 3979 1092 4046 quicum
1113 3976 1226 4026 consilia
1247 3989 1295 4023 sua
1309 3987 1376 4023 eou-

290 4045 362 4095 scrre
380 4047 522 4114 potuisset
559 4047 639 4100 lluud
660 4049 746 4101 multo
770 4057 833 4117 port
854 4048 1018 4100 domesticus
1049 4063 1158 4118 quoque
1176 4045 1376 4114 palatiumiu·

270 4123 274 4190 j
289 4113 426 4234 proditur,
445 4117 634 4189 iunioremquc
652 4119 843 4188 imperatorem
860 4116 932 4184 apud
950 4133 1028 4168 avum
1044 4117 1132 4178 intus,
1154 4121 1378 4186 protostratorcrn

302 4186 357 4236 oris
371 4187 511 4239 sedentem
530 4189 650 4254 invenit,
682 4191 742 4258 ipso
761 4190 838 4242 vultu
857 4185 1089 4258 perturbationem
1111 4203 1142 4239 nc
1164 4181 1378 4237 sollicitudinem

290 4255 414 4320 intimam
434 4265 623 4316 caudunum.
660 4261 793 4320 Turario
812 4275 876 4320 curu
900 4259 1058 4336 compellat:
1085 4258 1216 4334 aspectus
1236 4261 1299 4312 tuus
1320 4267 1378 4312 uto-
