3128 4922
335 277 391 364 38
689 365 694 376 ,
740 297 1019 366 murtenam

186 473 249 530 tc.
263 459 414 537 ι3οολέως
431 454 559 544 εόρηταύ
579 479 613 522 τε
632 454 687 522 uui
705 457 884 544 πέπρακται
898 453 952 521 ἐπὶ
968 457 1008 542 τῆ
1026 455 1198 520 καταλύσει
1218 453 1277 520 τού
1300 449 1426 536 &pirou

339 557 394 624 soi
417 560 573 642 βασιλέως
596 554 756 642 ἀκηκοώς,
784 557 952 647 ἠγανάκτει
977 579 1011 619 τε
1036 549 1093 619 ούκ
1121 547 1256 630 ἀνεκτῶς
1275 549 1331 617 καδ
1352 557 1427 616 πολ.

240 663 272 718 V.
289 682 321 718 oo
331 659 391 742 λῆν
404 656 610 742 κατεγιόασκε
625 660 683 724 τού
699 658 880 744 πράγματος
892 651 1129 740 ἀγνωμοσύνην.
1156 651 1206 718 διό
1223 651 1262 738 δῆ
1274 650 1330 720 κατ’
1346 645 1428 737 θαρ-

333 757 521 848 ῥῆσαντεςό
548 760 616 835 νόος
638 754 789 842 βασιλεύς
814 755 877 824 οὐκ
897 752 1067 844 tonsorato
1087 755 1131 844 τῷ
1156 751 1293 840 μεγάλῳ,
1325 742 1427 827 ἄλλως

331 863 367 926 θ’
379 853 425 926 ότι
444 857 500 923 κατ’
524 856 638 945 φιλόος
658 853 737 944 πρός
757 849 874 935 αύτούς
900 855 1030 921 διέκειτο
1054 851 1110 918 καὶ
1130 849 1282 939 πρότερον
1300 847 1317 918 ό
1341 849 1449 938 πρυ-5

332 957 528 1044 τοστρότωρ,
559 960 603 1046 τῷ
621 955 746 1046 μεγάλῳ
776 957 813 1021 δὲ
844 956 982 1039 μάλιστα
1011 951 1184 1043 δομτστιλιιρ
1212 953 1248 1018 ἐκ
1274 953 1330 1038 τῆς
1350 947 1428 1036 πρὸς

328 1050 507 1145 Ἀδριανοῦ
525 1052 617 1124 πόλιν
639 1054 726 1142 παρὰ
745 1057 789 1144 τῆ
810 1059 939 1139 βασιλεῖ
953 1052 1093 1139 turguit
1110 1052 1297 1139 διατριβῆς,
1324 1045 1428 1138 χρόνιρ

331 1160 434 1248 πολλῷ
448 1159 505 1242 τῆς
533 1155 642 1245 φιλίας
661 1149 768 1234 αύτοῖς
800 1157 936 1243 ἰσχυρᾶς
963 1157 1144 1240 γενομένης,
1180 1153 1248 1217 δεῖν
1276 1144 1429 1240 ρόῆδησσν

329 1256 477 1326 κοινωνόν
505 1256 561 1323 καί
581 1251 677 1324 αύτόν
701 1257 766 1324 τῶν
788 1256 1009 1344 πραττομένων
1035 1256 1240 1350 παραλαβεῖν
1265 1247 1376 1338 φιλίας
1394 1271 1428 1314 τε

330 1359 386 1442 τῆς
402 1353 482 1442 πρός
497 1351 613 1434 αύτούς
628 1359 720 1424 ἓνεκα
734 1354 790 1422 κατ’
802 1351 935 1442 ἇνδρίας
950 1351 1005 1421 κατ’
1014 1351 1182 1436 πολεμικῆς
1198 1349 1364 1438 ἐμπειρίας
1372 1345 1429 1414 κατ’
1433 1372 1467 1412 ιο

240 1465 269 1521 P.
289 1455 524 1544 tippovriocorc,
546 1447 585 1540 ἧς
597 1453 632 1521 αἱ
646 1460 790 1524 τοιαῦται
805 1451 943 1539 μάλιστα
953 1455 1016 1520 τῶν
1032 1453 1177 1541 πράξεων
1195 1454 1328 1518 δέονται·
1347 1442 1427 1514 ciro.

190 1561 193 1568 ’
330 1554 541 1646 καλύπτουσιν
568 1549 654 1648 αύτιῆ
670 1556 839 1646 τοιγαροῦν
865 1549 924 1620 όσα
947 1577 981 1620 τε
1004 1549 1188 1636 όβασιλεύς
1213 1547 1428 1637 μηνύσειετῷ

328 1651 442 1744 ἐγγόνιρ
450 1705 460 1735 ,
481 1649 595 1723 όποδων
608 1679 643 1722 τε
658 1653 751 1740 τύχοι
764 1657 828 1722 τοόν
844 1649 1039 1741 ἀποκρίσεων
1048 1705 1059 1735 ,
1079 1650 1126 1718 ἔτι
1142 1675 1175 1718 τε
1193 1645 1252 1716 όοα
1270 1649 1325 1714 καὶ
1335 1642 1430 1714 αύτοό

327 1751 404 1840 περὶ
429 1755 493 1820 τεόν
516 1759 591 1820 καθ’
610 1751 743 1834 ἑαυτούς
758 1755 982 1838 βουλεύσαιντο
997 1751 1198 1842 πραγμύτων.
1222 1745 1301 1835 tte}
1325 1747 1427 1816 πάντα

327 1856 431 1930 καλαῖς
448 1850 536 1938 ἔχειν
548 1853 822 1944 ἒπιψηφισύμενος
839 1848 1008 1936 καόαύτός,
1022 1861 1181 1920 κοινωνεῖν
1200 1846 1306 1929 αύτσῖς
1325 1851 1467 1918 ελλετοιό

327 1952 384 2019 καὶ
399 1955 463 2022 τεόν
482 1953 707 2038 βουλευμάτων
727 1954 785 2020 και*
802 1955 867 2020 τοῖν
884 1951 1042 2020 κινδύνων
1067 1953 1167 2039 μέχρι
1196 1945 1320 2028 παντός.
1357 1952 1429 2018 tot.
1466 1967 1469 1972 ’

328 2055 420 2120 δοκτο
438 2055 474 2118 tii
492 2053 613 2131 τούτοις
631 2050 699 2138 ἅμα
719 2057 763 2144 τῷ
782 2059 923 2139 βασιλεῖ,
951 2048 1030 2138 πρὸς
1049 2054 1173 2136 μηδένα
1188 2052 1342 2136 μηδαμῶς
1360 2053 1429 2118 ότι.

328 2177 385 2242 ρον
401 2155 467 2220 ’τοῖιν
482 2153 657 2236 Ῥωμαίων
680 2155 803 2242 ἐκφανῆ
827 2155 976 2238 γενέσθαι
992 2150 1031 2218 τό
1054 2149 1284 2236 βουλευόμενα,
1308 2145 1358 2217 ότι
1379 2149 1426 2236 μῆ

327 2251 468 2320 τουτοισὶ
480 2260 548 2331 τοϊς
563 2252 665 2342 τρισὶ,
687 2251 860 2340 δομεστόαρ
876 2247 997 2337 δηλαδῆ
1016 2252 1060 2340 τῆ
1076 2249 1201 2340 μεγάλῳ
1220 2250 1277 2318 καλ
1297 2253 1343 2342 τῆ
1360 2255 1424 2318 Συ-

328 2353 454 2442 estqui
470 2351 724 2439 πρωτοστρόττορι
741 2348 797 2416 καὶ
812 2348 1008 2439 Συργιύννῃ,
1030 2348 1086 2416 καί
1101 2354 1132 2418 Γ
1130 2353 1305 2430 εννουΐταις
1321 2352 1468 2424 Λατιίτο

301 2464 397 2528 Βνοις
412 2448 530 2538 ἑτέροις
542 2455 639 2538 τριοδ,
661 2451 765 2540 φιλοις
779 2451 840 2534 μὲν
859 2443 931 2517 ούσι
944 2453 1221 2534 δεδοκιμασμένοις
1233 2454 1277 2542 τῷ
1290 2457 1427 2538 βασιλεῖ,

326 2552 514 2633 δυναμένοις
529 2554 565 2617 δὲ
583 2549 704 2635 μεγάλα
718 2549 796 2639 πρός
813 2549 871 2635 τῆν
883 2553 928 2628 εἰς
939 2554 1084 2639 Χριστοῦ
1093 2545 1185 2617 πόλιν
1199 2553 1235 2616 ἐκ
1245 2552 1426 2634 Βυζαντίου

325 2649 650 2738 συγκαταπρόξασθαι
665 2649 771 2739 φυγῆν
790 2646 908 2729 αύτοῖς.
922 2650 1142 2736 δπηηγειλαντο
1153 2651 1214 2738 γὰρ
1234 2647 1426 2742 nimime&

324 2753 386 2832 μὲν
400 2751 537 2838 τριήρεις
553 2754 678 2829 οἰκείοις
695 2753 885 2834 ἀναλώμασι
901 2753 1095 2838 πληρώσειν,
1121 2747 1200 2816 ἑπτὰ
1216 2755 1248 2818 δ’
1264 2749 1373 2840 ἐτέρας
1389 2755 1425 2820 ἐκ

325 2853 481 2933 βασιλέως
498 2849 645 2934 λαβόντες
667 2853 827 2938 χρήματα,
852 2850 896 2928 σός
922 2851 1000 2918 δέκα
1021 2847 1080 2928 τός
1106 2848 1276 2933 συμπάσας
1298 2856 1464 2938 peroret-25

327 2973 402 3034 νας,
424 2952 480 3017 καὶ
494 2947 574 3039 πρός
588 2948 647 3037 τῆν
664 2943 858 3037 ἀπόδρασιν,
880 2951 911 3018 εἰ
936 2951 1060 3036 δεήσει,
1080 2950 1283 3037 συνάρασθαι
1306 2952 1349 3040 τῷ
1363 2957 1425 3035 βα.

325 3117 362 3172 ob
380 3136 438 3172 rem
451 3121 558 3174 invenis
576 3127 605 3174 et
617 3137 728 3192 magnus
740 3120 905 3174 domentionr
922 3122 1052 3175 maiorem
1067 3123 1098 3174 in
1116 3135 1145 3172 se
1166 3121 1354 3189 concipientes
1372 3139 1422 3174 an·

325 3189 442 3253 daciam,
460 3195 619 3261 praesertim
633 3191 709 3263 quod
725 3202 753 3246 et
772 3202 852 3247 antea
865 3201 1088 3263 protostratorem
1104 3191 1176 3244 bene
1194 3190 1249 3243 sibi
1267 3193 1425 3262 cupientem

324 3259 502 3324 habuissent,
520 3263 582 3333 pius
598 3271 688 3316 tamen
701 3280 812 3334 magnus
838 3264 1018 3328 domesticus,
1048 3280 1083 3316 ex
1110 3279 1159 3325 eo,
1190 3261 1266 3331 quod
1286 3261 1424 3316 Adriano·

324 3332 384 3400 poli
407 3347 468 3386 oum
490 3332 625 3386 Michaele
644 3337 807 3404 imperatore
819 3335 900 3388 ambo
914 3337 1054 3399 vixerant,
1072 3331 1203 3403 temporis
1222 3332 1424 3404 longinquitate

322 3403 470 3476 amicitiam
491 3405 683 3469 confirmante,
706 3405 863 3458 faciundum
881 3405 937 3458 sibi
962 3407 1163 3470 existimarunt,
1192 3411 1296 3456 utcnm
1317 3421 1424 3458 eorem

322 3475 567 3528 communicarent:
596 3493 653 3528 non
675 3476 763 3528 solnm
783 3477 859 3547 qnod
875 3479 993 3541 amcos,
1010 3477 1154 3530 sedetiam
1170 3471 1245 3546 quod
1265 3475 1308 3527 rir
1325 3475 1424 3540 fortis,

320 3541 390 3596 belli
418 3545 529 3615 gerendi
550 3549 655 3616 peritus
673 3555 702 3600 et
726 3547 911 3602 consideratus
932 3556 1004 3602 erat:
1031 3563 1101 3617 quae
1124 3548 1239 3600 virtutes
1269 3545 1371 3600 talibus
1392 3549 1423 3602 in

321 3617 440 3684 negotiis
464 3617 649 3687 maximopere
676 3613 849 3688 expeinntor.
890 3619 976 3689 Igitur
996 3633 1065 3690 quae
1084 3618 1232 3690 imperator
1253 3619 1349 3687 nepoti
1369 3617 1421 3672 de·

321 3687 489 3751 nuntiasset,
516 3685 583 3756 qnid
609 3691 732 3758 responsi
752 3689 889 3742 redditum
910 3697 994 3753 essct,
1018 3703 1152 3760 quaenam
1171 3689 1224 3758 ipsi
1243 3687 1332 3742 adhuc
1346 3689 1422 3743 deli-

322 3753 480 3820 borassent,
496 3758 539 3810 ilii
561 3760 696 3828 aperiunt
734 3759 774 3812 Ea
787 3767 969 3829 protostrator
983 3761 1074 3813 omnia
1088 3759 1281 3830 comprobent,
1305 3777 1334 3814 se
1353 3777 1420 3831 per-

319 3833 405 3895 petua
423 3829 617 3882 communitate
645 3847 700 3900 qua
718 3831 911 3893 consiliorum,
931 3847 986 3902 qna
1008 3831 1192 3902 periculorum
1216 3847 1277 3882 cum
1299 3832 1339 3882 eir
1367 3829 1420 3884 de-

322 3897 417 3951 vinxit
463 3899 600 3952 Convenit
619 3903 701 3952 etiam
725 3901 781 3953 illis
800 3918 861 3954 cum
879 3907 996 3972 nepote,
1026 3903 1132 3956 nemini
1158 3903 1339 3954 Romanorum
1359 3902 1419 3954 uilo

319 3975 401 4036 preto
416 3971 531 4024 consilia
543 3969 710 4040 detegendo,
724 3980 915 4043 praeterquam
930 3970 1122 4036 triburium,
1140 3987 1238 4040 nempe
1252 3989 1349 4042 magno
1364 3969 1417 4024 do-

320 4039 449 4102 mestico,
470 4039 616 4108 Syuadeno
634 4045 838 4111 protostratori,
858 4043 1014 4113 Syrgianni:
1045 4043 1149 4097 adhaec
1163 4043 1268 4096 Latinis
1284 4043 1418 4096 Genoeu-

321 4107 397 4160 ribus
415 4110 517 4174 tribur,
536 4128 651 4180 quorum
666 4120 725 4165 erat
739 4113 897 4183 imperatori
909 4121 1055 4183 perspectu
1079 4113 1161 4175 fides,
1185 4114 1288 4184 quique
1308 4113 1365 4165 iliis
1381 4111 1419 4166 ati

321 4177 412 4248 sugam
436 4181 565 4248 Byzantio
589 4181 783 4254 Chrystopolin
802 4201 899 4254 magno
919 4191 1031 4255 possent
1052 4201 1111 4236 esse
1128 4182 1300 4238 adiumentos
1325 4191 1417 4236 ternae

321 4249 425 4322 ‘1⁸¹¹PP2
439 4251 562 4309 triremes
576 4269 639 4319 τοο,
662 4261 789 4328 septenas
804 4257 975 4330 imperatorii
990 4264 1099 4328 sumptu
1114 4263 1263 4312 amaturos
1280 4255 1417 4328 promisc-
