3074 4946
430 387 715 454 nrsromaausr
745 393 785 454 α.
806 401 859 464 20,
1106 368 1193 481 419

114 537 146 602 έν
159 534 307 628 οὐδετέρῳ
324 539 361 605 τὸ
380 544 475 608 πλέον
492 539 576 627 ἔχων
594 542 685 630 ἡμῶν
704 545 820 624 ἐκεῖνος
837 539 879 613 άν
901 545 1015 635 φανείη
1020 599 1032 632 ,
1064 549 1342 632 pasturae-1329

112 633 145 699 di
167 637 211 722 τῷ
228 638 287 717 μὲν
307 637 458 722 οὗδαμῶς
484 641 651 708 λείπεσθαι
676 647 850 728 βασιλέως,
888 650 933 737 τῷ
956 641 1052 736 ἑτέρῳ
1080 648 1117 713 δέ
1141 671 1193 714 σοι

112 735 277 821 συμβέβηκε
296 741 384 826 νικᾷν
405 741 585 826 παραπολά.
628 747 685 828 τῆς
706 742 768 832 γάρ
800 738 896 833 άλλης
915 749 979 812 τῶν
1003 744 1197 834 πραγμάτων

111 831 284 919 διοικήσεως
302 832 396 902 oridia
419 839 550 906 ἔλαττον
568 835 590 928 ἢ
606 841 762 930 πρότερον
780 841 823 922 oie
845 847 1000 932 προσῆκον
1020 846 1193 931 γινομένης,

91 933 140 997 δέν
153 942 215 1010 τοῖς
232 940 379 1018 πολέμοις
397 942 454 1005 καί
468 949 539 1019 ταῖς
550 943 728 1026 στρατείαις
743 943 823 1012 aoid
845 946 1004 1033 προέχεις,
1018 938 1121 1022 ἀὖτὸς
1137 947 1220 1032 ἐφ’ίλ

107 1027 201 1099 ἅπασι
222 1036 333 1122 παρών
362 1037 418 1104 καί
440 1051 625 1127 στρατηγοῖς
649 1035 813 1130 χρώμενος
841 1045 999 1130 βελτίοσιν
1020 1040 1043 1134 ἢ
1066 1047 1193 1127 εἰιεῐνος,

106 1127 145 1207 ὥς
160 1135 193 1212 ἔξ
212 1134 406 1203 adnuissetis
426 1135 527 1226 ἔργων
547 1143 668 1225 ἐγένετο
693 1148 894 1232 καταφανὲς,
933 1139 1032 1212 αὐτοῦ
1050 1141 1192 1211 ταπολλά

103 1235 156 1296 καί
171 1233 327 1322 πρότερον
341 1239 561 1324 οίκουροῦντος
576 1236 682 1330 ὥσπερ
704 1245 790 1315 νῦνῆ
811 1236 877 1310 Ἔτι
893 1247 929 1311 δέ
944 1241 1101 1330 τὸνλόγον
1113 1250 1192 1329 βου-

102 1333 229 1412 λομένου
252 1335 313 1399 τοῦ
332 1339 473 1422 μεγάλου
503 1342 660 1428 συνείρειν
685 1342 871 1426 δυμεστίκον
901 1348 958 1411 καί
985 1343 1039 1410 διά
1066 1345 1293 1413 πολλάνλλοοθ

70 1429 321 1498 ιοάποίεικνύναι
341 1434 387 1520 μὴ
408 1432 442 1502 ὄν
463 1443 624 1518 λυσιτελὲς
642 1439 719 1528 πρὸς
746 1445 809 1510 τῶν
833 1445 1031 1531 πραγμάτων
1050 1441 1110 1530 τὴν
1132 1443 1193 1531 α’ρ-

96 1525 155 1614 γῆν
173 1524 272 1609 adise
286 1533 455 1620 ἐπανάγειν
469 1533 522 1603 τὸν
536 1539 751 1627 πρεσβύτερον
767 1535 982 1628 Ἀνδρόνικον,
1004 1540 1104 1619 ὅνέος
1122 1544 1192 1610 ε’πι-

98 1626 215 1697 κόπτων
235 1625 408 1716 βασιλεάς,
439 1641 544 1703 ταῦτα
566 1641 625 1722 μὲν
647 1637 709 1728 ἔφη
736 1639 793 1706 καί
816 1636 1059 1720 «detrationes
1086 1635 1193 1729 ipsuis

97 1721 194 1814 ἔχειν,
222 1729 417 1800 καὶτούτων
441 1737 533 1803 ἕνεκα
554 1733 684 1818 ου’δενὸς
706 1742 750 1830 τῷ
771 1736 889 1832 πάππῳ
908 1743 1031 1808 ἐθέλειν
1055 1739 1192 1828 ἐγχειρί-

98 1827 157 1905 ζειν
172 1826 230 1916 sps
254 1825 367 1919 άρχὴν·
410 1833 490 1902 ἄλλά
511 1837 637 1926 πρώτου
662 1841 744 1922 μὲν,
772 1843 831 1904 τοῦ
846 1837 892 1927 μὴ
916 1837 992 1917 τούς
1007 1839 1110 1907 πάντα
1135 1841 1193 1905 rsi-

71 1926 197 2014 εδγερείς
228 1935 289 1997 καί
308 1933 453 2020 φαύλους
470 1935 526 2001 καί
551 1935 764 2024 διεφθορότας
789 1938 834 2018 ὥς
860 1941 896 2006 iss
922 1937 1072 2027 προνοίας
1092 1933 1193 2018 αὖτίς
1240 1944 1254 1969 ““

97 2025 145 2090 sut
157 2027 310 2112 σκέψεως
326 2031 498 2118 ἐπιβούλου
518 2031 576 2120 τήν
597 2035 701 2124 άρχὴν
719 2037 929 2125 παρειλόμην,
957 2042 1114 2122 βασιλέως
1127 2051 1224 2125 paq-D

94 2125 204 2209 ίεμίαν
222 2127 389 2218 πρόφασιν
412 2130 491 2221 πρὸς
510 2133 567 2201 τὸν
582 2131 720 2218 πόλεμον
739 2140 1001 2224 παρεσχημένου,
1032 2136 1194 2205 δύνασθαι

91 2227 269 2309 λογοποιεῖν
293 2231 349 2296 καί
363 2235 487 2299 πείθειν
501 2233 578 2313 τούς
598 2237 744 2313 πολλούς·
787 2239 938 2324 δευτέρου
964 2239 1020 2322 δέ,
1048 2239 1108 2302 τοῦ
1127 2235 1194 2320 μά-

89 2327 181 2393 λιστα
201 2329 387 2414 βούλεσθαι
408 2335 463 2400 καί
482 2332 537 2400 διὰ
558 2337 700 2422 σπουδῆς
718 2332 822 2420 ἔχειν,
853 2333 934 2402 siren
952 2329 994 2402 άν
1011 2329 1192 2426 ιἦμάλιστιε

54 2425 168 2512 οοπρός
198 2428 322 2517 ἦδονην
342 2432 399 2498 καί
423 2432 520 2521 τιμῆν
543 2439 587 2526 τῷ
608 2441 752 2520 βασιλεῖ,
791 2439 896 2502 ταῦτα
924 2435 1193 2523 καταπράξασθαι

86 2524 152 2608 ἐμέ.
196 2529 313 2614 οἴομαι
339 2535 374 2599 δὲ
396 2537 479 2619 μηδὲ
498 2537 633 2618 βασιλέα
654 2533 716 2622 πρὸ
741 2538 799 2602 τοῦ
821 2531 934 2626 ἄρχειν
959 2539 1026 2604 τῶν
1044 2535 1193 2623 πραγμά-

85 2649 147 2694 των
165 2629 283 2718 ἕτερόν
301 2655 333 2694 τι
348 2629 425 2719 μήτε
444 2633 620 2718 βούλεσθαι
638 2635 720 2720 μήτε
741 2629 839 2720 άγειν.

168 2727 209 2796 εί.
253 2721 365 2808 Αὖθις
394 2734 429 2798 δέ
460 2729 478 2798 o‘
505 2737 604 2819 μέγας
631 2736 814 2818 δομὲστικος
832 2731 889 2800 τόν
908 2733 1001 2819 λόγον
1021 2727 1193 2816 άναλαβάιν
1202 2748 1228 2802 Ρ.
1239 2745 1294 2808 stt

83 2825 176 2916 ,,Τη“ν
204 2832 272 2912 μὲν
296 2827 398 2916 ε’μην”
425 2827 511 2901 εἶπεν
538 2827 690 2918 „risuros
710 2832 788 2922 πρὸς
808 2836 943 2918 βασιλέα
961 2832 1016 2900 καί
1033 2831 1193 2919 σπουδὴν,

81 3031 253 3106 urbanaque
272 3041 347 3086 recte
367 3031 572 3100 administrare,
602 3033 631 3087 in
652 3041 752 3088 nerstro
775 3033 835 3105 ipse
858 3033 939 3086 nobis
962 3032 1088 3104 superior
1102 3031 1193 3086 videri

81 3113 186 3174 queat:
210 3107 350 3158 imovero
368 3105 396 3158 in
410 3107 497 3160 altero
513 3104 585 3159 nihil
600 3105 643 3158 illi
662 3105 773 3168 cedere,
794 3108 823 3158 in
840 3107 927 3158 altero
945 3106 1026 3175 longo
1045 3104 1191 3156 intervallo

77 3173 161 3227 ilium
189 3173 340 3246 antegredi
365 3179 489 3248 contigit.
533 3177 601 3230 Nam
623 3195 685 3230 eum
706 3176 793 3230 civilis
812 3184 858 3228 tua
879 3175 1081 3230 administratio
1102 3189 1190 3244 seque

76 3246 169 3314 probe
194 3249 252 3312 sit,
276 3254 308 3298 ut
326 3247 401 3298 iliius
420 3258 485 3302 ente
503 3248 573 3316 fuit3
600 3249 703 3303 virtute
723 3246 924 3318 prudentiaque
941 3247 1055 3299 militari
1073 3246 1189 3298 multum

75 3317 251 3382 antecellis,
280 3317 340 3387 ipse
360 3335 489 3388 praesens
516 3318 644 3372 omnibus
669 3327 698 3373 et
722 3319 934 3388 praestantiores
964 3318 1046 3372 duces
1072 3313 1188 3378 habens,

75 3404 164 3456 quam
188 3388 246 3440 ille
268 3387 383 3443 habuit:
411 3389 441 3442 id
460 3388 534 3462 quod
555 3389 637 3444 rebus
654 3391 720 3460 ipsis
736 3391 839 3458 patuit,
868 3389 1025 3460 cumipse,
1054 3385 1188 3457 qsremnd·

73 3457 197 3512 modum
215 3475 309 3522 nunc,
334 3461 374 3511 ita
396 3469 477 3512 antes
494 3459 569 3513 domi
586 3461 749 3532 plerumque
770 3459 922 3512 delituerit.
958 3456 1188 3516 Volebatdome-

72 3529 164 3581 stieus
186 3545 350 3582 sermonem
369 3532 530 3584 continuare
552 3549 583 3584 ne
626 3531 730 3584 iuribus
751 3530 864 3593 docere,
890 3529 1094 3583 incommodum
1117 3528 1188 3591 iore,

71 3601 184 3652 seniori
209 3598 373 3652 Andronico
396 3603 433 3652 im
457 3600 543 3654 eriam
568 3550 698 3666 reddere,
731 3619 793 3654 eum
818 3602 998 3672 interpellans
1017 3601 1125 3661 iunior,
1157 3613 1187 3650 se

69 3667 118 3722 his
133 3671 295 3740 astipulari
311 3671 397 3723 dixit:
416 3619 453 3724 od
468 3674 572 3725 nullam
586 3682 679 3727 temen
694 3672 791 3725 harum
808 3690 948 3724 musarum
961 3689 1010 3724 nvo
1033 3668 1186 3722 decrevisse

68 3743 239 3811 imperium
258 3741 418 3795 restituere:
441 3743 489 3796 sed
508 3745 639 3814 primum,
665 3761 700 3796 ne
717 3743 865 3803 levissimi,
889 3740 1085 3812 improbissimi
1103 3749 1185 3806 atque

69 3811 291 3882 corruptissimi
314 3811 441 3864 homines
463 3814 552 3884 ipsum
585 3816 662 3868 velut
687 3813 721 3866 de
747 3811 881 3865 industria
908 3820 936 3864 et
961 3828 1023 3862 eum
1050 3807 1184 3861 insidiosa

65 3882 299 3936 machinatione
321 3899 398 3934 avum
420 3885 558 3936 insontem
593 3885 710 3955 imperio
733 3885 841 3936 exuisse
868 3879 1040 3936 comminisci
1069 3887 1098 3932 et
1122 3878 1186 3930 aliis

66 3960 276 4007 commentum
292 3971 371 4004 snum
388 3956 550 4022 persuadere
570 3960 683 4025 possint.
725 3953 834 4006 Deinde
857 3953 922 4024 quis
940 3955 1063 4022 impense
1083 3965 1185 4000 eoncu-

62 4027 166 4096 pisoat
193 4032 227 4076 et
254 4023 376 4076 studioso
397 4033 527 4090 conetur,
555 4036 586 4078 ut
606 4043 677 4100 quae
697 4026 741 4078 illi
764 4023 929 4076 iucunditati
952 4031 980 4076 et
998 4020 1096 4074 honori
1117 4019 1183 4082 sint,

62 4115 100 4149 ea
115 4101 272 4166 praestet:
301 4094 394 4147 eredat
418 4103 527 4161 autem,
554 4113 618 4150 eum
642 4095 716 4151 nihil
739 4111 830 4188 neque
853 4094 948 4158 maile,
972 4109 1064 4165 neque
1083 4089 1183 4142 melius

62 4165 200 4229 ducere,
224 4181 311 4236 qnam
327 4167 469 4234 imperare.
749 4221 752 4230 ,

144 4251 196 4289 20.
239 4233 387 4304 Excipieus
401 4252 512 4305 magnus
529 4234 695 4292 domesticus
717 4237 756 4290 sie
772 4235 824 4290 nit:
855 4233 1078 4290 Benevolentism
1099 4236 1183 4298 atque

59 4307 205 4364 studium
227 4319 325 4358 meum
347 4323 409 4378 erge
432 4307 625 4379 imperatorem
647 4324 742 4373 arum,
768 4315 797 4361 et
816 4305 955 4380 τριοαιοιλο
974 4301 1047 4360 nihil
1065 4300 1184 4376 optarim
