3074 4946
344 287 430 376 366
742 305 1021 384 ceurennum

194 484 225 538 A.
234 481 336 553 cnlnp
343 467 454 556 ἡδονῆς
476 461 512 531 τδ
525 464 606 551 άπερ
626 456 728 530 αάτοά
746 461 956 547 άνθελάμενος
971 464 1153 546 ἀποθανεῖν,
1172 459 1210 527 τί
1224 456 1418 542 θαυμαστὸν,
1514 491 1515 510 ι

341 572 372 635 εἰ
392 565 448 632 καί
465 569 629 648 βασιλείας
647 566 810 649 μεταδοίη,
830 558 852 649 ἢ
873 561 905 628 εἴ
921 586 1007 640 τινος
1027 562 1083 626 καί
1100 561 1211 626 τούτου
1232 564 1419 638 θααμασιεα-
1514 591 1515 604 ¹

339 669 454 752 τέρεος
473 666 528 749 τῆς
548 665 584 727 δὲ
605 661 785 749 εὐεργεσίαις
805 665 895 728 ἕνεκα
916 663 1053 746 ταυτησί
1071 659 1186 734 πολλάς
1205 661 1266 740 μὲν
1286 652 1422 744 δφειλειν
1514 699 1515 706 ³

340 764 477 849 χάριτας
497 759 659 846 ὁμολογεῖν
666 813 675 844 ,
706 763 762 826 καί
789 760 893 846 λόγοις
910 784 945 826 τε
966 759 1107 824 καθόσον
1127 752 1245 824 οἷόντε
1265 753 1324 840 τήν
1345 752 1420 838 άπερ
1514 783 1515 802 ι

227 925 235 947 ,
312 864 441 948 coieris
458 855 556 948 χάριν
576 859 748 948 αἰφοσιαῦν,
778 858 881 948 ἔργοις
899 885 932 928 τε
958 855 1148 944 ἀμείβεσθαι
1167 866 1230 933 τοῖς
1250 853 1348 936 ἴσοις,
1369 852 1438 939 miri

340 961 454 1046 δμοίαν
481 965 537 1026 καί
556 958 650 1026 αάτδν
670 961 706 1025 ἐκ
724 965 779 1046 τῆς
799 959 932 1046 καρδίας
960 959 1049 1047 αάτιρῖ
1065 955 1262 1044 προσάγοντα
1290 952 1349 1019 καί
1374 978 1425 1040 φι-

340 1065 414 1128 λίαν
433 1059 489 1126 καὶ
506 1057 649 1145 στοργήν.
669 1055 687 1124 δ
708 1062 744 1126 δὲ
766 1054 854 1148 πάτῷ
874 1059 1059 1146 προστάττει
1078 1061 1135 1123 νῦν
1154 1055 1310 1138 δέχεσθαί
1324 1077 1361 1117 τε
1377 1049 1427 1116 καί
1514 1121 1515 1130 2

342 1159 387 1237 οδς
407 1163 623 1241 τετελεσμένον
643 1157 781 1241 νομίζειν
801 1151 871 1244 ἤδη.
892 1156 928 1224 τὸ
946 1155 1006 1244 γάρ
1029 1159 1075 1233 εἰς
1094 1151 1194 1221 αάτδν
1214 1145 1308 1240 ἧκον,
1336 1151 1427 1216 οὐδὲν
1514 1135 1515 1198 δ

342 1261 496 1326 ἐλλείπειν
515 1260 573 1322 τοῦ
590 1260 786 1343 πεπρᾶχθαι,
807 1255 887 1347 ἔργρι
910 1258 946 1322 δὲ
960 1263 1060 1321 τελεῖν
1071 1255 1148 1341 prise
1164 1251 1333 1332 δύνασθαι,
1354 1249 1427 1336 pcipe

343 1355 426 1422 κατά
446 1355 573 1442 γνάμην
602 1351 688 1444 αὐτῷ
713 1351 796 1422 εἶναι
823 1356 905 1442 μήτε
934 1359 1011 1422 καθ’
1028 1352 1152 1440 ἡδονήν.
1193 1349 1242 1418 διὸ
1274 1347 1458 1416 αάτάν.τειο

343 1457 506 1522 παιάεσθαι
532 1455 655 1520 πείθειν
682 1456 903 1542 ἐπιχειροῦντα
932 1456 1007 1541 περὶ
1036 1454 1150 1518 τοάτοο
1177 1450 1234 1516 καὶ
1262 1449 1352 1537 αὐτῷ
1372 1473 1430 1512 πα-

344 1557 543 1643 ραιτουμένῳ
564 1551 798 1639 συγγινώσκειν.
837 1552 997 1630 Βασιλείας
1017 1554 1053 1618 δὲ
1082 1545 1142 1634 οὐχ
1171 1546 1270 1626 οὕτως
1297 1545 1431 1635 ἔφασκεν

342 1647 590 1741 ἀπροφασίστως
608 1655 836 1738 παρακεῖσθαι
853 1653 990 1738 χρῆναι,
1021 1645 1103 1716 itti
1130 1651 1189 1727 τάς
1217 1647 1323 1724 αἰτίας
1345 1643 1432 1711 διδά-

343 1754 443 1830 ξαντα
472 1755 594 1838 repulsos
623 1751 678 1816 καὶ
707 1749 764 1836 τὴν
795 1747 924 1831 ἀξίωσιν
959 1748 1111 1816 πείσαντα
1154 1741 1200 1824 oie
1239 1744 1432 1833 παράλογον,

314 1845 451 1927 notor
481 1843 543 1937 ἤδη
583 1847 779 1916 ἀπολύεσθαι
816 1849 930 1926 αἰτίας·
980 1847 1056 1936 πρὶν
1085 1848 1248 1913 δὲταῦτα
1274 1853 1375 1912 ποιεῖν
1397 1843 1462 1911 oiri

341 1947 491 2031 σονετδν,
524 1949 595 2013 οὐδ’
625 1941 706 2033 άγοιν
733 1952 902 2036 φιλοῦντας
934 1943 1034 2025 οὕτως
1063 1949 1097 2025 ἐξ
1137 1946 1289 2028 οὐδεμιᾶς
1329 1945 1433 2018 αι’τίας
1514 2007 1515 2010 ,

341 2047 568 2133 ἰσχυρίζεσθαι
591 2047 628 2112 τά
651 2045 696 2133 μή
727 2050 898 2133 πεισθῆναι
930 2039 972 2114 άν
1004 2070 1098 2112 ποτε.
1138 2049 1239 2111 καίτοι
1264 2069 1300 2130 γε
1326 2045 1358 2110 εδ
1390 2039 1432 2126 μή

342 2170 378 2212 τι
396 2139 492 2230 άλλο,
525 2144 560 2212 τά
580 2149 657 2231 γοῦν
679 2145 733 2212 άεί
754 2149 1021 2231 διαβεβαιοῦσθαι
1038 2148 1139 2231 μηδὲν
1163 2140 1245 2210 εἶναι
1267 2145 1347 2230 μήτε
1365 2151 1435 2224 μετ’·

222 2261 331 2322 ,1.181
346 2246 400 2325 ζον
428 2243 509 2330 μήτε
535 2243 664 2312 ἔλαττον
693 2241 724 2330 δ,
753 2246 947 2331 θελήσαντος
974 2247 1111 2328 ἐκείνου,
1141 2243 1186 2331 μὴ
1205 2240 1246 2310 άν
1263 2245 1310 2319 είς
1336 2245 1434 2328 πέρας

346 2339 494 2428 άγαγεϊν,
524 2343 624 2411 σάτδν
643 2337 729 2422 ἄξιον
755 2345 1001 2429 καταναγκάζειν
1025 2343 1195 2410 πείθεσθαι
1215 2343 1309 2431 αὐτῷ.
1352 2343 1386 2407 εἰ
1402 2345 1422 2406 δ
1427 2347 1468 2407 ἀα

347 2443 409 2526 οὐχ
432 2438 532 2520 αδτοας
547 2441 653 2526 ἔχεις,
680 2445 802 2510 δίκαιον
823 2443 1000 2525 διδάσκειν,
1023 2443 1067 2521 ὥς
1084 2439 1125 2508 άν
1146 2441 1263 2527 εἰδεάγν
1283 2440 1338 2507 τὸν
1359 2440 1435 2528 πρά-

345 2564 437 2628 τερον
455 2542 649 2628 ἦποιτημένας
665 2539 792 2630 χρόνον.
837 2537 949 2619 Οάταας
972 2539 1109 2630 ἔφασκεν
1131 2541 1148 2608 ὃ
1168 2546 1269 2624 μέγας
1290 2543 1436 2623 δαμέστο-

347 2663 401 2716 κας
415 2637 517 2725 ἔχειν,
546 2643 601 2708 καί
616 2637 671 2708 άεί
683 2665 718 2708 τε
737 2643 995 2730 διἰσχνρίζεσθαι
1020 2642 1121 2709 πάντα
1140 2640 1288 2730 πράττειν
1304 2641 1436 2721 ἐθέλειν,

347 2869 558 2942 stupeseeudnm
587 2889 653 2926 esse.
703 2869 761 2942 Qui
793 2871 866 2925 enim
897 2871 1008 2925 alterins
1035 2870 1120 2924 vitam
1149 2887 1215 2924 sune
1244 2869 1378 2923 antetulit
1410 2873 1436 2920 et

344 2959 399 3014 pro
422 2941 518 2994 eodem
549 2959 654 2994 stimma
680 2958 741 2994 cum
770 2943 910 3012 voluptate
935 2944 1019 2996 emori
1048 2942 1145 3008 elegit,
1181 2940 1246 3011 quid
1271 2943 1389 3000 mirum,
1415 2939 1437 2990 si

346 3029 409 3065 cum
427 3011 481 3064 hoc
497 3015 658 3081 imperium,
684 3022 732 3066 aut
753 3013 777 3064 si
801 3013 868 3084 quid
886 3015 1001 3082 imperio
1020 3013 1201 3080 praestantius
1226 3019 1283 3074 cst,
1310 3006 1438 3062 dividat?

345 3083 390 3138 De
415 3081 467 3134 hae
486 3092 577 3134 nutem
595 3084 778 3149 beneficentia
796 3085 911 3134 multum
939 3100 967 3134 se
992 3083 1036 3134 illi
1061 3081 1178 3145 debere,
1206 3080 1292 3152 idque
1318 3082 1437 3150 ingenue

345 3154 490 3216 confiteri,
508 3161 537 3205 et
554 3153 643 3206 verbis
664 3169 744 3225 qnam
763 3153 966 3222 religiosissime
982 3153 1070 3222 possit
1088 3153 1185 3222 gratius
1206 3169 1302 3222 cgere:
1331 3167 1361 3202 rc
1380 3153 1437 3220 ipsa

344 3224 462 3285 referre,
485 3239 545 3274 cum
564 3224 654 3276 auimo
675 3223 788 3276 eandem
808 3224 851 3275 1111
870 3223 1079 3276 benevolentiae
1097 3224 1251 3293 amorisque
1267 3221 1437 3292 magnitudi-

338 3309 410 3357 vnem
427 3295 610 3345 remetiatur..
635 3293 718 3364 Quod
734 3311 798 3345 vero
817 3311 890 3345 nunc
908 3293 963 3346 sibi
982 3295 1125 3362 imponat,
1148 3291 1177 3344 isl
1197 3309 1226 3344 se
1244 3293 1392 3344 admittere
1411 3297 1438 3342 ct

344 3379 396 3433 pro
414 3363 538 3414 conlecto
562 3363 675 3428 ducere,
699 3362 796 3436 (qnod
813 3365 885 3414 enim
905 3365 940 3416 nd
958 3381 987 3416 se
1002 3365 1130 3425 attineat,
1158 3363 1230 3415 nihil
1248 3363 1364 3424 deesse,
1383 3377 1437 3432 quo

344 3433 436 3485 minna
454 3433 607 3484 consectum
627 3435 689 3504 sit,)
706 3452 736 3487 re
754 3444 844 3486 tamen
862 3437 978 3506 nequire
997 3437 1139 3504 perlicere:
1158 3451 1249 3506 oeque
1267 3433 1437 3485 allubescerc

346 3502 418 3566 sibi,
443 3517 534 3586 neque
562 3505 647 3556 ullam
673 3504 873 3558 iucunditatem
899 3521 1001 3574 parere.
1053 3504 1236 3575 Quamobrem
1260 3506 1366 3571 coeptis
1392 3503 1438 3554 de·

346 3573 427 3626 sistet
444 3574 553 3644 sibique
571 3577 707 3628 recusanti
724 3577 853 3644 ignoscat.
895 3577 966 3628 Tum
989 3578 1150 3645 imperator,
1175 3573 1236 3626 Nou
1261 3576 1298 3626 ita
1316 3575 1437 3643 praeciso

347 3643 481 3714 nulloque
504 3653 646 3714 praetextu
672 3646 866 3699 recusandum:
895 3663 988 3700 verum
1015 3663 1105 3698 cousss
1133 3645 1282 3698 offerendas
1310 3654 1340 3696 et
1364 3639 1437 3715 quod

368 3715 504 3767 osculetur
532 3732 592 3766 cum
623 3717 729 3769 ratione
752 3735 807 3770 non
834 3733 981 3786 congruere
1007 3714 1262 3778 demonstrandum,
1288 3723 1372 3786 etque
1401 3715 1437 3763 ita

347 3731 458 3838 Remum
476 3786 582 3856 culpam
600 3786 634 3838 ob
654 3803 683 3839 se
701 3785 893 3846 amovendum:
917 3789 1021 3859 alioqui
1040 3785 1265 3856 neoptolensis,
1289 3803 1341 3838 nec
1357 3782 1436 3834 valde

346 3857 464 3910 amantis
484 3873 558 3918 esse,
583 3873 735 3909 asseverare
758 3857 931 3926 simpliciter,
957 3874 1096 3928 nunquam
1127 3855 1182 3908 sibi
1210 3871 1370 3924 persuasum
1396 3853 1435 3905 iri.

347 3926 387 3980 Ac
404 3928 428 3978 si
445 3943 502 3978 nou
520 3924 611 3990 alind,
628 3927 681 3980 hoc
698 3945 782 3979 unum
800 3935 890 3992 certe,
908 3927 983 3998 quod
1001 3945 1108 3996 semper
1125 3943 1192 3996 prae
1211 3944 1240 3978 se
1257 3927 1344 3987 ierat,
1367 3923 1436 3976 nihil

348 4011 408 4050 csse
426 4004 481 4048 tam
495 4011 607 4066 parvum
625 4006 673 4050 aut
689 4015 825 4068 magnum,
841 3997 917 4068 quod
937 4015 969 4052 eo
987 4000 1098 4052 volente
1115 4013 1172 4050 ooo
1183 3998 1221 4049 sit
1232 3997 1363 4056 facturus,
1380 3997 1437 4045 iure

348 4065 385 4118 sd
401 4060 503 4120 dandas
521 4084 615 4119 manus
633 4085 712 4137 posse
736 4069 908 4138 compellere.
948 4067 978 4120 Si
1000 4070 1082 4124 aliter
1098 4069 1148 4130 sit,
1171 4085 1222 4137 par
1239 4083 1316 4130 esse,
1339 4073 1373 4118 ut
1390 4063 1436 4114 de·

348 4145 497 4200 monstret,
527 4155 581 4208 quo
607 4154 636 4191 se
652 4137 784 4191 hactenus
803 4138 874 4192 dolis
900 4139 1041 4193 «lactatum
1067 4139 1151 4192 luisse
1174 4139 1323 4207 intelligat.
1369 4135 1437 4185 ‘run

349 4219 462 4278 maguus
485 4205 664 4274 domesticos,
686 4208 749 4264 Non
767 4208 847 4264 aliter
863 4225 939 4277 csse,
966 4218 996 4266 et
1008 4227 1115 4284 semper
1130 4225 1191 4266 sess
1206 4207 1334 4264 offirmare
1352 4205 1438 4260 isem-
