3128 4922
587 283 828 348 PRAEFA’HO.
1192 291 1245 354 XV

152 466 339 522 maturescat
362 453 490 540 (agebat
518 457 600 516 enim
629 455 757 518 loannes
779 475 893 518 aunum
918 473 980 518 non
1003 453 1072 540 plns
1094 453 1243 522 decimum

152 561 314 642 quintum)
337 567 441 640 postea
457 576 489 616 ae
503 554 649 640 collegam
663 557 807 639 patiatur.
852 555 950 618 Huius
970 561 1059 640 spatii
1081 561 1131 620 vix
1153 560 1244 620 dimi-

152 659 239 722 dium
254 657 378 720 videtur
392 653 576 738 explevisse,
603 675 709 718 rerum
723 655 814 720 buius
828 656 934 718 mundi
962 668 994 720 ct
1021 658 1165 721 adversae
1179 681 1245 722 sor-

152 762 190 822 tis
212 769 380 822 renovatae
403 757 535 840 quodam
555 757 669 820 taedio.
715 759 803 838 Quae
826 759 893 840 ipso
911 759 973 820 iam
993 759 1144 822 monacho
1166 763 1246 824 iuter

152 859 375 942 Palaeologum
404 869 435 922 et
458 857 647 920 Mattlraeum
671 869 774 920 secuta
798 868 890 937 sunt,
911 855 1037 920 forsitan
1060 861 1172 940 unius,
1192 869 1245 924 aut

153 959 285 1022 duorum
300 979 452 1021 annorum
466 958 608 1022 fuerunt:
629 979 702 1020 nam
715 961 748 1020 in
758 958 807 1022 bis
820 957 904 1042 quod
916 978 974 1041 pro
987 969 1070 1022 certo
1084 957 1246 1040 affirmem

157 1079 215 1122 nou
226 1057 341 1120 habeo.
395 1059 462 1122 Hac
476 1061 595 1122 ratione
609 1057 794 1142 colligrmtur
808 1061 880 1120 anni
896 1059 1040 1122 historiae
1054 1058 1145 1122 huius
1159 1063 1249 1124 circi-

159 1171 201 1220 ter
212 1162 341 1244 triginta
354 1179 479 1224 novem.
521 1161 569 1224 Ex
583 1160 631 1222 his
646 1169 749 1244 patet,
771 1169 910 1243 tempora
925 1158 1094 1221 Andronici
1109 1161 1249 1236 iunioris,

157 1259 378 1342 maecum,
407 1271 439 1324 et
464 1259 585 1326 loannis
600 1259 774 1346 Palaeologi
797 1280 860 1326 non
880 1262 953 1322 satis
975 1261 1072 1344 probe
1094 1259 1252 1343 digessisse

157 1359 375 1443 onuphrium,
402 1371 432 1424 et
446 1361 533 1426 alios.
575 1363 731 1426 Erranmt
746 1362 820 1425 item
833 1382 905 1422 cum
919 1362 1069 1445 Gregora,
1090 1359 1166 1422 dum
1183 1357 1251 1420 An-

158 1459 316 1524 dronicum
329 1463 481 1532 iuniorem
495 1483 576 1526 anuo
589 1466 697 1526 aetatis
720 1461 951 1546 quadragesimo
966 1463 1073 1544 quinto
1088 1462 1253 1521 erfinmmn

159 1561 356 1624 tradiderunt.
399 1563 480 1628 Nam
495 1566 520 1626 si
538 1575 629 1626 naurs
643 1575 710 1626 erat
724 1581 821 1624 annos
836 1563 943 1644 viginti
957 1572 1073 1644 septem
1088 1571 1252 1642 antequam

162 1662 320 1724 secum
335 1683 461 1726 uxorem
476 1663 620 1744 duceret,
643 1674 679 1724 ut
692 1675 796 1724 nomer
810 1661 890 1722 libro
904 1664 1005 1744 primo
1022 1672 1149 1740 narrat,
1170 1671 1202 1722 et
1216 1681 1254 1720 ea

164 1759 250 1824 dueta
267 1763 367 1826 adbuc
391 1763 509 1849 aliquot
529 1767 617 1826 annis
639 1785 710 1826 omn
731 1785 789 1824 avo
804 1761 920 1824 bellum
941 1763 1049 1844 gessit:
1080 1763 1157 1822 cieo
1171 1761 1255 1822 victo

167 1863 250 1925 annis
270 1866 375 1948 viginti
391 1865 474 1928 solus
487 1867 671 1949 imperavit,
701 1866 840 1948 sequimr
853 1863 1169 1946 quinquagenarium,
1202 1871 1255 1922 aut
1323 1877 1325 1882 ·

173 1979 208 2020 eo
228 1965 364 2026 muonm
391 1964 515 2027 obisse.

249 2061 447 2126 Ostendemus
477 2085 580 2144 nunc,
618 2084 680 2148 quo
708 2063 777 2126 loco
800 2064 880 2124 inter
902 2061 1084 2147 Byzantinus
1113 2057 1255 2122 hinorias

164 2157 234 2220 baec
254 2174 360 2226 noina
377 2163 555 2226 collocanda
576 2167 626 2234 sit.
669 2165 898 2227 Cautacnzenus
912 2161 1087 2246 Nicephoro
1101 2161 1257 2245 Gregorae

162 2261 293 2339 proxime
313 2264 467 2345 succedit,
508 2269 634 2350 eiusque
649 2267 840 2326 narrationes
859 2265 1035 2325 continuat:
1069 2283 1257 2347 quarnquarn
1360 2317 1361 2328 ,

159 2379 218 2420 uon
231 2365 370 2443 praecise
389 2385 425 2426 ac
447 2363 636 2449 simpliciter.
678 2363 760 2426 Nam
782 2385 853 2426 cum
868 2363 1019 2447 Gregoras
1039 2363 1073 2426 in
1086 2361 1173 2428 obitu
1187 2363 1256 2424 Arr-

159 2457 275 2524 dronici
290 2466 419 2526 iamioris
434 2464 570 2546 desinat,
591 2476 696 2528 nomer
708 2463 781 2526 inde
794 2483 857 2526 non
871 2463 1012 2526 orditur:
1035 2467 1111 2547 quin
1132 2467 1195 2527 imo
1209 2485 1259 2526 se·

157 2562 291 2624 cundum
312 2565 458 2628 historiae
480 2587 554 2630 suae
576 2565 691 2628 librum
713 2563 754 2627 ad
777 2564 912 2626 eiusdem
935 2564 1106 2628 Andronici
1127 2577 1258 2628 mortem

156 2663 306 2742 perducit.
348 2666 467 2728 Verum
488 2669 561 2750 quia
584 2669 736 2750 Gregoras
750 2667 808 2728 iste
828 2687 910 2746 avo,
938 2667 972 2728 in
987 2669 1074 2728 euius
1088 2665 1190 2728 aulam
1203 2667 1259 2729 de·-

155 2765 238 2826 sertis
266 2765 374 2826 studiis
395 2765 573 2830 liberalibus
590 2789 622 2830 se
637 2765 779 2848 scandit,
801 2769 941 2846 amicior,
962 2770 1065 2850 nepoti
1081 2777 1183 2828 autem
1198 2768 1258 2828 ini-

154 2865 242 2944 quior
260 2862 337 2926 fuit:
360 2863 509 2950 illumque
528 2868 717 2950 plurimum,
738 2877 770 2928 et
789 2887 879 2949 saepe
900 2865 1145 2928 commendavit:
1175 2865 1259 2927 hune

153 2975 281 3046 aperte,
302 2987 368 3026 nec
381 2967 520 3047 modice,
550 2979 581 3028 et
594 2989 657 3028 non
674 2985 746 3027 raro
773 2965 962 3028 insimulavit
991 2985 1027 3026 ac
1049 2967 1257 3046 vituperavit:

151 3061 189 3124 ad
204 3063 305 3144 baec,
326 3087 406 3148 quae
426 3065 590 3128 interillos
605 3065 794 3144 acciderunt,
815 3075 935 3146 partu
954 3065 1117 3124 marianam
1131 3065 1259 3126 urinirne

149 3175 314 3248 comperta
334 3165 462 3230 babuit:
492 3189 572 3250 quae
594 3177 696 3228 autem
717 3166 885 3246 comperit,
918 3183 953 3226 ea
974 3161 1119 3246 confesse,
1141 3167 1254 3248 imper·

149 3263 241 3346 fecte,
267 3265 419 3348 quaedam
434 3289 557 3351 quoque
572 3265 660 3328 aliter
681 3263 849 3348 aliquanto,
865 3263 941 3344 quid
957 3262 1136 3346 aliquanto?
1157 3265 1255 3327 multo

147 3364 262 3446 aliter,
284 3388 378 3449 wem
393 3380 580 3448 evenerunt,
607 3379 637 3430 et
657 3389 728 3428 cum
750 3365 914 3428 mendaciis
930 3367 1081 3448 exposuit:
1113 3367 1144 3426 in
1160 3369 1254 3448 ipsius

64 3470 68 3480 '
146 3485 280 3550 quoque
309 3467 510 3530 Cantacuzeni
550 3457 632 3530 bello
667 3467 819 3550 rebusque
857 3465 1131 3526 commemorandis
1165 3468 1254 3554 (quae

147 3568 270 3649 scripta
290 3567 341 3628 vel
355 3571 555 3649 interierunt:
583 3569 633 3631 vel
647 3568 747 3629 adhuc
769 3569 801 3628 in
825 3565 929 3650 aliqua
949 3563 1134 3628 bibliotheca
1149 3566 1254 3644 latent)

148 3687 268 3746 parum
293 3667 374 3728 bona
403 3669 482 3748 lide,
511 3667 722 3751 malevoleque
743 3675 880 3728 versatus
904 3677 961 3728 est.
1023 3665 1253 3728 Cantacuzenus

149 3761 228 3825 baec
250 3769 327 3828 vitia
341 3790 404 3829 non
417 3769 531 3848 ferens,
553 3768 643 3854 longe
657 3770 824 3847 sincerius,
845 3767 996 3850 longeque
1010 3768 1182 3849 copiosius,
1203 3764 1252 3825 di·
1378 3763 1382 3770 ’

146 3867 305 3946 stinctius,
326 3857 487 3952 integrius,
507 3872 619 3931 cerbus
633 3872 736 3932 ornnia
750 3867 928 3952 explicavit:
957 3867 1070 3949 quippe
1084 3867 1137 3947 qui
1151 3865 1251 3923 omni-

30 3989 31 3993 *
145 3963 209 4026 bus
224 3987 324 4048 paene
337 3990 400 4029 non
421 3969 559 4031 interfuit
572 3971 693 4050 solum,
714 3989 823 4032 verum
844 3970 936 4030 etiam
951 3965 1100 4048 praefuit:
1122 3974 1153 4024 et
1172 3985 1252 4047 quae

31 4077 33 4104 ¹
148 4065 216 4147 ipse
232 4087 299 4126 non
314 4069 410 4148 vidit,
432 4081 486 4131 aut
507 4073 570 4152 egit
592 4073 653 4154 (qui
675 4072 756 4131 enim
775 4071 875 4152 potuit
889 4067 1034 4146 omnint)¹
1046 4083 1081 4125 ea
1095 4063 1252 4126 atestibu‘s

148 4165 344 4248 gravissimis
355 4172 488 4252 aceepit:
511 4171 767 4254 quemadmodum
781 4173 812 4231 in
827 4171 886 4232 fine
905 4168 977 4230 libri
997 4167 1097 4250 quarti
1111 4175 1250 4226 testabar.
