<?xml version="1.0" encoding="UTF-8"?>
<!DOCTYPE html PUBLIC "-//W3C//DTD XHTML 1.0 Transitional//EN"
    "http://www.w3.org/TR/xhtml1/DTD/xhtml1-transitional.dtd">
<html xmlns="http://www.w3.org/1999/xhtml" xml:lang="en" lang="en">
 <head>
  <title>
</title>
<meta http-equiv="Content-Type" content="text/html;charset=utf-8" />
  <meta name='ocr-system' content='tesseract 3.04.00' />
  <meta name='ocr-capabilities' content='ocr_page ocr_carea ocr_par ocr_line ocrx_word'/>
</head>
<body>
  <div class='ocr_page' id='page_1' title='image "./ioanniscantacuz01niebgoog_0398.png"; bbox 0 0 3074 4934; ppageno 0'>
   <div class='ocr_carea' id='block_1_1' title="bbox 431 311 1185 398">
    <p class='ocr_par' dir='ltr' id='par_1_1' title="bbox 431 311 1185 398">
     <span class='ocr_line' id='line_1_1' title="bbox 431 311 1185 398; baseline 0.009 -8"><span class='ocrx_word' id='word_1_1' title='bbox 431 315 715 394; x_wconf 73' lang='lat' dir='ltr'>merotrruuu</span> <span class='ocrx_word' id='word_1_2' title='bbox 745 327 837 398; x_wconf 80' lang='lat' dir='ltr'>ns</span> <span class='ocrx_word' id='word_1_3' title='bbox 1100 311 1185 397; x_wconf 79' lang='lat'>355</span> 
     </span>
    </p>
   </div>
   <div class='ocr_carea' id='block_1_2' title="bbox 42 471 1369 2838">
    <p class='ocr_par' dir='ltr' id='par_1_2' title="bbox 68 471 1369 1368">
     <span class='ocr_line' id='line_1_2' title="bbox 91 471 1369 579; baseline 0.012 -40"><span class='ocrx_word' id='word_1_4' title='bbox 91 475 227 558; x_wconf 79' lang='grc' dir='ltr'><strong><em>ἐγένετο,</em></strong></span> <span class='ocrx_word' id='word_1_5' title='bbox 259 473 335 563; x_wconf 73' lang='grc' dir='ltr'><strong><em>περὶ</em></strong></span> <span class='ocrx_word' id='word_1_6' title='bbox 359 478 417 540; x_wconf 75' lang='grc' dir='ltr'><strong><em>τοῦ</em></strong></span> <span class='ocrx_word' id='word_1_7' title='bbox 436 478 618 565; x_wconf 78' lang='grc' dir='ltr'><strong><em>τραύματος</em></strong></span> <span class='ocrx_word' id='word_1_8' title='bbox 638 479 740 546; x_wconf 69' lang='grc' dir='ltr'><strong><em>αὐτοῦ</em></strong></span> <span class='ocrx_word' id='word_1_9' title='bbox 757 471 870 569; x_wconf 72' lang='grc' dir='ltr'><strong><em>ἑτέρως</em></strong></span> <span class='ocrx_word' id='word_1_10' title='bbox 889 476 912 570; x_wconf 77' lang='grc' dir='ltr'><em>ἢ</em></span> <span class='ocrx_word' id='word_1_11' title='bbox 933 481 976 565; x_wconf 71' lang='grc' dir='ltr'><strong><em>αἷς</em></strong></span> <span class='ocrx_word' id='word_1_12' title='bbox 994 483 1063 571; x_wconf 72' lang='grc' dir='ltr'><strong><em>ἔχει</em></strong></span> <span class='ocrx_word' id='word_1_13' title='bbox 1080 507 1219 576; x_wconf 74' lang='grc' dir='ltr'><strong><em>φημι-Α.</em></strong></span> <span class='ocrx_word' id='word_1_14' title='bbox 1232 505 1332 579; x_wconf 69' lang='lat'><strong>01329</strong></span> <span class='ocrx_word' id='word_1_15' title='bbox 1366 491 1369 498; x_wconf 84' lang='lat'>&#39;</span> 
     </span>
     <span class='ocr_line' id='line_1_3' title="bbox 89 571 1184 672; baseline 0.007 -32"><span class='ocrx_word' id='word_1_16' title='bbox 89 577 164 660; x_wconf 78' lang='grc' dir='ltr'><strong><em>σθῇ,</em></strong></span> <span class='ocrx_word' id='word_1_17' title='bbox 185 571 300 659; x_wconf 64' lang='lat' dir='ltr'>tettae</span> <span class='ocrx_word' id='word_1_18' title='bbox 321 577 377 640; x_wconf 78' lang='grc' dir='ltr'>καί</span> <span class='ocrx_word' id='word_1_19' title='bbox 394 579 470 662; x_wconf 81' lang='grc' dir='ltr'><strong><em>περί</em></strong></span> <span class='ocrx_word' id='word_1_20' title='bbox 487 578 600 659; x_wconf 68' lang='grc' dir='ltr'><strong><em>αὐτοῦ,</em></strong></span> <span class='ocrx_word' id='word_1_21' title='bbox 620 574 665 654; x_wconf 72' lang='grc' dir='ltr'><strong><em>ὥς</em></strong></span> <span class='ocrx_word' id='word_1_22' title='bbox 683 583 820 666; x_wconf 69' lang='grc' dir='ltr'><strong><em>τρωθειη</em></strong></span> <span class='ocrx_word' id='word_1_23' title='bbox 839 585 899 664; x_wconf 75' lang='grc' dir='ltr'><strong><em>μὲν</em></strong></span> <span class='ocrx_word' id='word_1_24' title='bbox 919 581 974 650; x_wconf 79' lang='grc' dir='ltr'>τάν</span> <span class='ocrx_word' id='word_1_25' title='bbox 992 585 1106 672; x_wconf 83' lang='grc' dir='ltr'><strong><em>μηρὸν,</em></strong></span> <span class='ocrx_word' id='word_1_26' title='bbox 1128 585 1184 653; x_wconf 78' lang='lat' dir='ltr'>od.</span> 
     </span>
     <span class='ocr_line' id='line_1_4' title="bbox 88 670 1184 770; baseline 0.016 -35"><span class='ocrx_word' id='word_1_27' title='bbox 88 673 202 753; x_wconf 81' lang='grc' dir='ltr'><strong><em>δεμίαν</em></strong></span> <span class='ocrx_word' id='word_1_28' title='bbox 222 673 258 738; x_wconf 79' lang='grc' dir='ltr'>δὲ</span> <span class='ocrx_word' id='word_1_29' title='bbox 279 670 316 736; x_wconf 87' lang='grc' dir='ltr'><strong><em>τά</em></strong></span> <span class='ocrx_word' id='word_1_30' title='bbox 337 675 465 760; x_wconf 78' lang='grc' dir='ltr'><strong><em>τραῦμα</em></strong></span> <span class='ocrx_word' id='word_1_31' title='bbox 482 671 566 756; x_wconf 77' lang='grc' dir='ltr'><strong><em>ἔχειν</em></strong></span> <span class='ocrx_word' id='word_1_32' title='bbox 585 675 738 760; x_wconf 79' lang='grc' dir='ltr'><strong><em>άποψίαν,</em></strong></span> <span class='ocrx_word' id='word_1_33' title='bbox 760 673 837 745; x_wconf 72' lang='lat' dir='ltr'>odet</span> <span class='ocrx_word' id='word_1_34' title='bbox 858 678 913 746; x_wconf 80' lang='grc' dir='ltr'><strong><em>διά</em></strong></span> <span class='ocrx_word' id='word_1_35' title='bbox 927 684 1020 748; x_wconf 83' lang='grc' dir='ltr'><strong><em>τοῦτο</em></strong></span> <span class='ocrx_word' id='word_1_36' title='bbox 1033 681 1091 770; x_wconf 72' lang='grc' dir='ltr'>την</span> <span class='ocrx_word' id='word_1_37' title='bbox 1106 687 1184 751; x_wconf 87' lang='grc' dir='ltr'><strong><em>ἐπά-</em></strong></span> 
     </span>
     <span class='ocr_line' id='line_1_5' title="bbox 88 767 1185 868; baseline 0.013 -33"><span class='ocrx_word' id='word_1_38' title='bbox 88 773 181 836; x_wconf 83' lang='grc' dir='ltr'><strong><em>νοδον</em></strong></span> <span class='ocrx_word' id='word_1_39' title='bbox 195 767 366 853; x_wconf 80' lang='grc' dir='ltr'><strong><em>ποιεῖσθαι,</em></strong></span> <span class='ocrx_word' id='word_1_40' title='bbox 388 771 458 836; x_wconf 75' lang='grc' dir='ltr'><strong><em>ἀλλ’</em></strong></span> <span class='ocrx_word' id='word_1_41' title='bbox 479 769 564 838; x_wconf 82' lang='grc' dir='ltr'><strong><em>αάτω</em></strong></span> <span class='ocrx_word' id='word_1_42' title='bbox 586 773 682 853; x_wconf 82' lang='grc' dir='ltr'><strong><em>δόξαν</em></strong></span> <span class='ocrx_word' id='word_1_43' title='bbox 700 782 875 843; x_wconf 78' lang='grc' dir='ltr'><strong><em>λυσιτελεῖν</em></strong></span> <span class='ocrx_word' id='word_1_44' title='bbox 895 783 951 844; x_wconf 84' lang='grc' dir='ltr'>καί</span> <span class='ocrx_word' id='word_1_45' title='bbox 969 784 1043 867; x_wconf 85' lang='grc' dir='ltr'><strong><em>πρίν</em></strong></span> <span class='ocrx_word' id='word_1_46' title='bbox 1058 789 1185 868; x_wconf 78' lang='grc' dir='ltr'><strong><em>τρωθῆ-</em></strong></span> 
     </span>
     <span class='ocr_line' id='line_1_6' title="bbox 68 866 1275 970; baseline 0.012 -38"><span class='ocrx_word' id='word_1_47' title='bbox 68 881 154 946; x_wconf 84' lang='grc' dir='ltr'><strong><em>5ναι.</em></strong></span> <span class='ocrx_word' id='word_1_48' title='bbox 184 866 200 934; x_wconf 83' lang='grc' dir='ltr'><strong><em>ὃ</em></strong></span> <span class='ocrx_word' id='word_1_49' title='bbox 219 871 319 952; x_wconf 75' lang='grc' dir='ltr'><strong><em>μέγας</em></strong></span> <span class='ocrx_word' id='word_1_50' title='bbox 339 870 373 935; x_wconf 83' lang='grc' dir='ltr'>δὲ</span> <span class='ocrx_word' id='word_1_51' title='bbox 395 871 589 953; x_wconf 81' lang='grc' dir='ltr'><strong><em>δομέσταιος,</em></strong></span> <span class='ocrx_word' id='word_1_52' title='bbox 618 877 689 940; x_wconf 82' lang='grc' dir='ltr'><strong><em>ἐπεί</em></strong></span> <span class='ocrx_word' id='word_1_53' title='bbox 707 871 748 940; x_wconf 89' lang='grc' dir='ltr'><strong><em>τά</em></strong></span> <span class='ocrx_word' id='word_1_54' title='bbox 769 879 842 960; x_wconf 88' lang='grc' dir='ltr'><strong><em>περί</em></strong></span> <span class='ocrx_word' id='word_1_55' title='bbox 860 875 918 962; x_wconf 73' lang='grc' dir='ltr'>την</span> <span class='ocrx_word' id='word_1_56' title='bbox 940 879 1184 970; x_wconf 74' lang='grc' dir='ltr'><strong><em>στρατοπεδείαν</em></strong></span> <span class='ocrx_word' id='word_1_57' title='bbox 1273 891 1275 896; x_wconf 78' lang='grc'><strong>“</strong></span> 
     </span>
     <span class='ocr_line' id='line_1_7' title="bbox 88 963 1185 1065; baseline 0.012 -35"><span class='ocrx_word' id='word_1_58' title='bbox 88 967 297 1054; x_wconf 73' lang='grc' dir='ltr'><strong><em>κατεστήσατο</em></strong></span> <span class='ocrx_word' id='word_1_59' title='bbox 316 969 427 1051; x_wconf 77' lang='grc' dir='ltr'><strong><em>καλῶς,</em></strong></span> <span class='ocrx_word' id='word_1_60' title='bbox 450 963 546 1045; x_wconf 79' lang='grc' dir='ltr'><strong><em>ὅσους</em></strong></span> <span class='ocrx_word' id='word_1_61' title='bbox 556 969 670 1052; x_wconf 78' lang='grc' dir='ltr'>Ιε”άοξεν</span> <span class='ocrx_word' id='word_1_62' title='bbox 689 974 777 1063; x_wconf 62' lang='grc' dir='ltr'><strong><em>αὐτῷ</em></strong></span> <span class='ocrx_word' id='word_1_63' title='bbox 796 977 851 1060; x_wconf 79' lang='grc' dir='ltr'>τῆς</span> <span class='ocrx_word' id='word_1_64' title='bbox 871 979 1019 1063; x_wconf 81' lang='grc' dir='ltr'><strong><em>στρατιάς</em></strong></span> <span class='ocrx_word' id='word_1_65' title='bbox 1038 987 1185 1065; x_wconf 87' lang='grc' dir='ltr'><strong><em>παραλα-</em></strong></span> 
     </span>
     <span class='ocr_line' id='line_1_8' title="bbox 87 1064 1185 1163; baseline 0.01 -31"><span class='ocrx_word' id='word_1_66' title='bbox 87 1064 166 1150; x_wconf 82' lang='grc' dir='ltr'><strong><em>βάν,</em></strong></span> <span class='ocrx_word' id='word_1_67' title='bbox 187 1065 267 1134; x_wconf 86' lang='grc' dir='ltr'><strong><em>κατά</em></strong></span> <span class='ocrx_word' id='word_1_68' title='bbox 288 1066 346 1152; x_wconf 76' lang='grc' dir='ltr'>τὴν</span> <span class='ocrx_word' id='word_1_69' title='bbox 367 1066 512 1154; x_wconf 78' lang='grc' dir='ltr'><strong><em>είσβαλὴν</em></strong></span> <span class='ocrx_word' id='word_1_70' title='bbox 531 1071 588 1136; x_wconf 80' lang='grc' dir='ltr'><strong><em>τοῦ</em></strong></span> <span class='ocrx_word' id='word_1_71' title='bbox 608 1074 843 1159; x_wconf 76' lang='grc' dir='ltr'><strong><em>στρατοπέδου,</em></strong></span> <span class='ocrx_word' id='word_1_72' title='bbox 864 1077 935 1140; x_wconf 81' lang='grc' dir='ltr'><strong><em>ἐπεί</em></strong></span> <span class='ocrx_word' id='word_1_73' title='bbox 954 1075 1105 1163; x_wconf 77' lang='grc' dir='ltr'><strong><em>ἐπεφύκει</em></strong></span> <span class='ocrx_word' id='word_1_74' title='bbox 1127 1103 1185 1142; x_wconf 85' lang='grc' dir='ltr'>κα-</span> 
     </span>
     <span class='ocr_line' id='line_1_9' title="bbox 86 1161 1185 1256; baseline 0.011 -26"><span class='ocrx_word' id='word_1_75' title='bbox 86 1169 152 1242; x_wconf 74' lang='grc' dir='ltr'>λῶς</span> <span class='ocrx_word' id='word_1_76' title='bbox 172 1164 314 1254; x_wconf 74' lang='grc' dir='ltr'><strong><em>καθάπερ</em></strong></span> <span class='ocrx_word' id='word_1_77' title='bbox 337 1165 452 1249; x_wconf 77' lang='grc' dir='ltr'><strong><em>ἰσθμὸς</em></strong></span> <span class='ocrx_word' id='word_1_78' title='bbox 470 1161 553 1234; x_wconf 72' lang='grc' dir='ltr'><strong><em>οὖσα</em></strong></span> <span class='ocrx_word' id='word_1_79' title='bbox 574 1169 685 1256; x_wconf 76' lang='grc' dir='ltr'><strong><em>στενή,</em></strong></span> <span class='ocrx_word' id='word_1_80' title='bbox 715 1175 772 1238; x_wconf 75' lang='grc' dir='ltr'><strong><em>τοῦ</em></strong></span> <span class='ocrx_word' id='word_1_81' title='bbox 799 1171 929 1240; x_wconf 68' lang='grc' dir='ltr'><strong><em>ἔνδοθεν</em></strong></span> <span class='ocrx_word' id='word_1_82' title='bbox 948 1175 1078 1240; x_wconf 83' lang='grc' dir='ltr'><strong><em>ἐπιπολι</em></strong></span> <span class='ocrx_word' id='word_1_83' title='bbox 1103 1182 1185 1242; x_wconf 88' lang='grc' dir='ltr'><strong><em>πλα-</em></strong></span> 
     </span>
     <span class='ocr_line' id='line_1_10' title="bbox 86 1266 1185 1368; baseline 0.007 -36"><span class='ocrx_word' id='word_1_84' title='bbox 86 1267 276 1349; x_wconf 79' lang='grc' dir='ltr'><strong><em>τυνομίνυυ,</em></strong></span> <span class='ocrx_word' id='word_1_85' title='bbox 302 1267 450 1368; x_wconf 77' lang='grc' dir='ltr'><strong><em>ηὐλίσατο</em></strong></span> <span class='ocrx_word' id='word_1_86' title='bbox 471 1266 529 1354; x_wconf 75' lang='grc' dir='ltr'>την</span> <span class='ocrx_word' id='word_1_87' title='bbox 547 1267 645 1336; x_wconf 83' lang='grc' dir='ltr'><strong><em>νάκτα</em></strong></span> <span class='ocrx_word' id='word_1_88' title='bbox 667 1275 810 1359; x_wconf 80' lang='grc' dir='ltr'><strong><em>φυλακῆς</em></strong></span> <span class='ocrx_word' id='word_1_89' title='bbox 830 1277 932 1339; x_wconf 69' lang='grc' dir='ltr'><strong><em>ἕνεκεν</em></strong></span> <span class='ocrx_word' id='word_1_90' title='bbox 951 1276 1013 1368; x_wconf 36' lang='grc' dir='ltr'><strong><em>τῆς,</em></strong></span> <span class='ocrx_word' id='word_1_91' title='bbox 1026 1277 1185 1361; x_wconf 82' lang='grc' dir='ltr'><strong><em>στρατιάς.</em></strong></span> 
     </span>
    </p>

    <p class='ocr_par' dir='ltr' id='par_1_3' title="bbox 49 1363 1282 1852">
     <span class='ocr_line' id='line_1_11' title="bbox 49 1363 1282 1458; baseline 0.013 -28"><span class='ocrx_word' id='word_1_92' title='bbox 49 1395 87 1438; x_wconf 80' lang='lat'>10</span> <span class='ocrx_word' id='word_1_93' title='bbox 169 1363 203 1452; x_wconf 89' lang='grc' dir='ltr'>η’.</span> <span class='ocrx_word' id='word_1_94' title='bbox 239 1365 399 1454; x_wconf 83' lang='grc' dir='ltr'><strong><em>Ὀρχάνης</em></strong></span> <span class='ocrx_word' id='word_1_95' title='bbox 419 1370 471 1451; x_wconf 78' lang='lat' dir='ltr'>tt,</span> <span class='ocrx_word' id='word_1_96' title='bbox 501 1368 573 1434; x_wconf 84' lang='grc' dir='ltr'><strong><em>ἐπεί</em></strong></span> <span class='ocrx_word' id='word_1_97' title='bbox 590 1370 756 1455; x_wconf 83' lang='grc' dir='ltr'><strong><em>ἐπελάβετο</em></strong></span> <span class='ocrx_word' id='word_1_98' title='bbox 776 1369 796 1458; x_wconf 80' lang='grc' dir='ltr'><em>ἦ</em></span> <span class='ocrx_word' id='word_1_99' title='bbox 819 1371 895 1456; x_wconf 81' lang='grc' dir='ltr'><strong><em>νάξ,</em></strong></span> <span class='ocrx_word' id='word_1_100' title='bbox 916 1371 992 1452; x_wconf 71' lang='lat' dir='ltr'>roric</span> <span class='ocrx_word' id='word_1_101' title='bbox 1012 1374 1067 1439; x_wconf 62' lang='grc' dir='ltr'>ὑπ’</span> <span class='ocrx_word' id='word_1_102' title='bbox 1087 1369 1282 1448; x_wconf 67' lang='lat' dir='ltr'>aestruere</span> 
     </span>
     <span class='ocr_line' id='line_1_12' title="bbox 85 1465 1269 1558; baseline 0.006 -26"><span class='ocrx_word' id='word_1_103' title='bbox 85 1466 253 1553; x_wconf 77' lang='grc' dir='ltr'><strong><em>σατράπας</em></strong></span> <span class='ocrx_word' id='word_1_104' title='bbox 274 1465 391 1542; x_wconf 87' lang='grc' dir='ltr'><strong><em>πάντας</em></strong></span> <span class='ocrx_word' id='word_1_105' title='bbox 410 1465 605 1552; x_wconf 73' lang='grc' dir='ltr'><strong><em>συναγαγών,</em></strong></span> <span class='ocrx_word' id='word_1_106' title='bbox 631 1466 709 1556; x_wconf 67' lang='grc' dir='ltr'><strong><em>,τὴν</em></strong></span> <span class='ocrx_word' id='word_1_107' title='bbox 727 1473 787 1554; x_wconf 75' lang='grc' dir='ltr'><strong><em>μὲν</em></strong></span> <span class='ocrx_word' id='word_1_108' title='bbox 807 1471 994 1558; x_wconf 77' lang='grc' dir='ltr'><strong><em>ἐμπειρίαν”</em></strong></span> <span class='ocrx_word' id='word_1_109' title='bbox 1014 1469 1083 1539; x_wconf 79' lang='grc' dir='ltr'><strong><em>εἶπε</em></strong></span> <span class='ocrx_word' id='word_1_110' title='bbox 1103 1472 1208 1556; x_wconf 73' lang='lat' dir='ltr'>„euin</span> <span class='ocrx_word' id='word_1_111' title='bbox 1265 1473 1269 1480; x_wconf 80' lang='grc'><strong>’</strong></span> 
     </span>
     <span class='ocr_line' id='line_1_13' title="bbox 85 1559 1186 1656; baseline 0.006 -26"><span class='ocrx_word' id='word_1_112' title='bbox 85 1562 144 1650; x_wconf 79' lang='grc' dir='ltr'>τὴν</span> <span class='ocrx_word' id='word_1_113' title='bbox 164 1559 287 1648; x_wconf 81' lang='grc' dir='ltr'><strong><em>τόλμαν</em></strong></span> <span class='ocrx_word' id='word_1_114' title='bbox 306 1567 370 1632; x_wconf 77' lang='grc' dir='ltr'>τιὸν</span> <span class='ocrx_word' id='word_1_115' title='bbox 395 1565 569 1648; x_wconf 82' lang='grc' dir='ltr'><strong><em>Ῥωμαίων</em></strong></span> <span class='ocrx_word' id='word_1_116' title='bbox 596 1567 655 1652; x_wconf 73' lang='grc' dir='ltr'>την</span> <span class='ocrx_word' id='word_1_117' title='bbox 683 1567 765 1634; x_wconf 88' lang='grc' dir='ltr'><strong><em>κατά</em></strong></span> <span class='ocrx_word' id='word_1_118' title='bbox 786 1568 845 1647; x_wconf 89' lang='grc' dir='ltr'>τάς</span> <span class='ocrx_word' id='word_1_119' title='bbox 863 1569 973 1655; x_wconf 85' lang='grc' dir='ltr'><strong><em>μάχας</em></strong></span> <span class='ocrx_word' id='word_1_120' title='bbox 993 1567 1107 1637; x_wconf 70' lang='lat' dir='ltr'>eddius</span> <span class='ocrx_word' id='word_1_121' title='bbox 1127 1573 1186 1656; x_wconf 84' lang='grc' dir='ltr'>σή-</span> 
     </span>
     <span class='ocr_line' id='line_1_14' title="bbox 84 1658 1186 1752; baseline 0.005 -24"><span class='ocrx_word' id='word_1_122' title='bbox 84 1685 184 1750; x_wconf 86' lang='grc' dir='ltr'><strong><em>μερον</em></strong></span> <span class='ocrx_word' id='word_1_123' title='bbox 202 1663 296 1745; x_wconf 68' lang='grc' dir='ltr'><strong><em>ὑμῶν</em></strong></span> <span class='ocrx_word' id='word_1_124' title='bbox 317 1659 424 1746; x_wconf 78' lang='grc' dir='ltr'><strong><em>οἴομαι</em></strong></span> <span class='ocrx_word' id='word_1_125' title='bbox 444 1658 641 1752; x_wconf 73' lang='grc' dir='ltr'><strong><em>ἠγνοηκέναι.</em></strong></span> <span class='ocrx_word' id='word_1_126' title='bbox 681 1670 765 1733; x_wconf 71' lang='grc' dir='ltr'><strong><em>δοκοῖ</em></strong></span> <span class='ocrx_word' id='word_1_127' title='bbox 796 1669 833 1734; x_wconf 80' lang='lat' dir='ltr'>dd</span> <span class='ocrx_word' id='word_1_128' title='bbox 851 1693 906 1752; x_wconf 88' lang='grc' dir='ltr'><strong><em>μοι</em></strong></span> <span class='ocrx_word' id='word_1_129' title='bbox 932 1669 988 1734; x_wconf 80' lang='grc' dir='ltr'>καί</span> <span class='ocrx_word' id='word_1_130' title='bbox 1006 1670 1125 1746; x_wconf 65' lang='lat' dir='ltr'>ateste</span> <span class='ocrx_word' id='word_1_131' title='bbox 1145 1665 1186 1734; x_wconf 82' lang='grc' dir='ltr'><strong><em>άν</em></strong></span> 
     </span>
     <span class='ocr_line' id='line_1_15' title="bbox 86 1756 1186 1852; baseline 0.006 -26"><span class='ocrx_word' id='word_1_132' title='bbox 86 1763 161 1844; x_wconf 84' lang='grc' dir='ltr'><strong><em>ἐμοί</em></strong></span> <span class='ocrx_word' id='word_1_133' title='bbox 176 1764 445 1849; x_wconf 77' lang='grc' dir='ltr'><strong><em>συνομαλογῆσαι,</em></strong></span> <span class='ocrx_word' id='word_1_134' title='bbox 474 1763 520 1840; x_wconf 71' lang='grc' dir='ltr'><strong><em>αἷς</em></strong></span> <span class='ocrx_word' id='word_1_135' title='bbox 540 1756 606 1830; x_wconf 75' lang='lat' dir='ltr'>oir’</span> <span class='ocrx_word' id='word_1_136' title='bbox 625 1767 678 1852; x_wconf 86' lang='grc' dir='ltr'>ἐφ’</span> <span class='ocrx_word' id='word_1_137' title='bbox 694 1761 801 1850; x_wconf 65' lang='grc' dir='ltr'><strong><em>η’μιόν,</em></strong></span> <span class='ocrx_word' id='word_1_138' title='bbox 831 1757 899 1831; x_wconf 71' lang='grc' dir='ltr'><strong><em>οὔτ’</em></strong></span> <span class='ocrx_word' id='word_1_139' title='bbox 921 1767 1056 1832; x_wconf 75' lang='grc' dir='ltr'><strong><em>ἐπὶτῶν</em></strong></span> <span class='ocrx_word' id='word_1_140' title='bbox 1075 1763 1186 1851; x_wconf 82' lang='grc' dir='ltr'><strong><em>ἧμιτέ·</em></strong></span> 
     </span>
    </p>

    <p class='ocr_par' dir='ltr' id='par_1_4' title="bbox 51 1857 1188 2345">
     <span class='ocr_line' id='line_1_16' title="bbox 51 1857 1186 1953; baseline 0.002 -25"><span class='ocrx_word' id='word_1_141' title='bbox 51 1867 154 1948; x_wconf 77' lang='grc' dir='ltr'><strong><em>ιξιρων</em></strong></span> <span class='ocrx_word' id='word_1_142' title='bbox 168 1857 329 1946; x_wconf 77' lang='grc' dir='ltr'><strong><em>προγόνων</em></strong></span> <span class='ocrx_word' id='word_1_143' title='bbox 349 1859 456 1948; x_wconf 74' lang='grc' dir='ltr'><strong><em>ἕτεροί</em></strong></span> <span class='ocrx_word' id='word_1_144' title='bbox 473 1885 556 1940; x_wconf 86' lang='grc' dir='ltr'><strong><em>τινες</em></strong></span> <span class='ocrx_word' id='word_1_145' title='bbox 572 1859 738 1945; x_wconf 83' lang='grc' dir='ltr'><strong><em>Ῥωμαίων</em></strong></span> <span class='ocrx_word' id='word_1_146' title='bbox 752 1859 852 1953; x_wconf 63' lang='grc' dir='ltr'><strong><em>οὕτως</em></strong></span> <span class='ocrx_word' id='word_1_147' title='bbox 866 1857 1089 1948; x_wconf 78' lang='grc' dir='ltr'><strong><em>εάκλιῶςάγαν</em></strong></span> <span class='ocrx_word' id='word_1_148' title='bbox 1101 1859 1186 1949; x_wconf 81' lang='grc' dir='ltr'><strong><em>η’γω.</em></strong></span> 
     </span>
     <span class='ocr_line' id='line_1_17' title="bbox 88 1957 1188 2048; baseline 0.003 -23"><span class='ocrx_word' id='word_1_149' title='bbox 88 1959 219 2025; x_wconf 90' lang='grc' dir='ltr'><strong><em>νίσαντο</em></strong></span> <span class='ocrx_word' id='word_1_150' title='bbox 248 1958 306 2024; x_wconf 73' lang='grc' dir='ltr'><strong><em>κατ’</em></strong></span> <span class='ocrx_word' id='word_1_151' title='bbox 330 1957 412 2042; x_wconf 83' lang='grc' dir='ltr'><strong><em>μετά</em></strong></span> <span class='ocrx_word' id='word_1_152' title='bbox 432 1959 536 2046; x_wconf 83' lang='grc' dir='ltr'><strong><em>πάσης</em></strong></span> <span class='ocrx_word' id='word_1_153' title='bbox 563 1961 746 2048; x_wconf 74' lang='grc' dir='ltr'><strong><em>ἐμπειρίας.</em></strong></span> <span class='ocrx_word' id='word_1_154' title='bbox 787 1960 842 2028; x_wconf 76' lang='lat' dir='ltr'>ded</span> <span class='ocrx_word' id='word_1_155' title='bbox 863 1961 965 2048; x_wconf 87' lang='grc' dir='ltr'><strong><em>πάσης</em></strong></span> <span class='ocrx_word' id='word_1_156' title='bbox 984 1962 1045 2048; x_wconf 77' lang='grc' dir='ltr'>γάρ</span> <span class='ocrx_word' id='word_1_157' title='bbox 1067 1960 1188 2047; x_wconf 78' lang='grc' dir='ltr'><strong><em>ἡμέρας</em></strong></span> 
     </span>
     <span class='ocr_line' id='line_1_18' title="bbox 84 2051 1186 2150; baseline 0.003 -29"><span class='ocrx_word' id='word_1_158' title='bbox 84 2053 178 2142; x_wconf 70' lang='grc' dir='ltr'><strong><em>ἡμῶν</em></strong></span> <span class='ocrx_word' id='word_1_159' title='bbox 199 2052 221 2143; x_wconf 78' lang='grc' dir='ltr'><em>ἢ</em></span> <span class='ocrx_word' id='word_1_160' title='bbox 243 2055 349 2145; x_wconf 82' lang='grc' dir='ltr'><strong><em>άπάτη</em></strong></span> <span class='ocrx_word' id='word_1_161' title='bbox 371 2051 391 2143; x_wconf 78' lang='grc' dir='ltr'><em>ἢ</em></span> <span class='ocrx_word' id='word_1_162' title='bbox 413 2057 557 2143; x_wconf 72' lang='grc' dir='ltr'><strong><em>ἐκπλήξει</em></strong></span> <span class='ocrx_word' id='word_1_163' title='bbox 577 2053 598 2144; x_wconf 82' lang='grc' dir='ltr'><em>ἢ</em></span> <span class='ocrx_word' id='word_1_164' title='bbox 627 2055 713 2146; x_wconf 74' lang='grc' dir='ltr'><strong><em>ὁρμῇ</em></strong></span> <span class='ocrx_word' id='word_1_165' title='bbox 741 2057 797 2125; x_wconf 79' lang='grc' dir='ltr'>καί</span> <span class='ocrx_word' id='word_1_166' title='bbox 816 2057 993 2147; x_wconf 68' lang='grc' dir='ltr'><strong><em>θρασύτητι</em></strong></span> <span class='ocrx_word' id='word_1_167' title='bbox 1013 2059 1186 2150; x_wconf 80' lang='grc' dir='ltr'><strong><em>παραβόλῳ</em></strong></span> 
     </span>
     <span class='ocr_line' id='line_1_19' title="bbox 84 2151 1186 2246; baseline 0.002 -24"><span class='ocrx_word' id='word_1_168' title='bbox 84 2153 107 2242; x_wconf 81' lang='grc' dir='ltr'><em>ἢ</em></span> <span class='ocrx_word' id='word_1_169' title='bbox 128 2151 182 2222; x_wconf 75' lang='grc' dir='ltr'><strong><em>ἐνί</em></strong></span> <span class='ocrx_word' id='word_1_170' title='bbox 194 2155 231 2241; x_wconf 71' lang='lat' dir='ltr'>rt</span> <span class='ocrx_word' id='word_1_171' title='bbox 250 2180 294 2246; x_wconf 77' lang='grc' dir='ltr'>τρι</span> <span class='ocrx_word' id='word_1_172' title='bbox 314 2155 418 2246; x_wconf 82' lang='grc' dir='ltr'><strong><em>τράπιρ</em></strong></span> <span class='ocrx_word' id='word_1_173' title='bbox 441 2159 486 2234; x_wconf 86' lang='grc' dir='ltr'>είς</span> <span class='ocrx_word' id='word_1_174' title='bbox 504 2153 636 2238; x_wconf 85' lang='grc' dir='ltr'><strong><em>άταξίαν</em></strong></span> <span class='ocrx_word' id='word_1_175' title='bbox 665 2153 781 2236; x_wconf 72' lang='grc' dir='ltr'><strong><em>αὐτοὺς</em></strong></span> <span class='ocrx_word' id='word_1_176' title='bbox 801 2161 1006 2245; x_wconf 77' lang='grc' dir='ltr'><strong><em>πειρωμένων</em></strong></span> <span class='ocrx_word' id='word_1_177' title='bbox 1026 2161 1186 2242; x_wconf 75' lang='grc' dir='ltr'><strong><em>ἐμβαλεῖν,</em></strong></span> 
     </span>
     <span class='ocr_line' id='line_1_20' title="bbox 86 2254 1187 2345; baseline -0.001 -23"><span class='ocrx_word' id='word_1_178' title='bbox 86 2254 116 2322; x_wconf 76' lang='grc' dir='ltr'>οἱ</span> <span class='ocrx_word' id='word_1_179' title='bbox 138 2258 168 2320; x_wconf 88' lang='lat' dir='ltr'>d’</span> <span class='ocrx_word' id='word_1_180' title='bbox 188 2254 282 2322; x_wconf 74' lang='lat' dir='ltr'>otttr</span> <span class='ocrx_word' id='word_1_181' title='bbox 300 2259 422 2338; x_wconf 78' lang='grc' dir='ltr'><strong><em>μᾶλλον</em></strong></span> <span class='ocrx_word' id='word_1_182' title='bbox 447 2256 640 2343; x_wconf 75' lang='grc' dir='ltr'><strong><em>ἐκινήθησαν</em></strong></span> <span class='ocrx_word' id='word_1_183' title='bbox 665 2259 724 2322; x_wconf 78' lang='grc' dir='ltr'><strong><em>τοῦ</em></strong></span> <span class='ocrx_word' id='word_1_184' title='bbox 753 2259 964 2345; x_wconf 80' lang='grc' dir='ltr'><strong><em>προσήκοντος</em></strong></span> <span class='ocrx_word' id='word_1_185' title='bbox 985 2256 1187 2343; x_wconf 75' lang='grc' dir='ltr'><strong><em>φρονήματος</em></strong></span> 
     </span>
    </p>

    <p class='ocr_par' dir='ltr' id='par_1_5' title="bbox 42 2349 1284 2838">
     <span class='ocr_line' id='line_1_21' title="bbox 42 2349 1284 2446; baseline 0.002 -26"><span class='ocrx_word' id='word_1_186' title='bbox 42 2355 207 2439; x_wconf 72' lang='grc' dir='ltr'><strong><em>αοαάτοῖς,</em></strong></span> <span class='ocrx_word' id='word_1_187' title='bbox 229 2349 299 2420; x_wconf 89' lang='grc' dir='ltr'><strong><em>άλλ’</em></strong></span> <span class='ocrx_word' id='word_1_188' title='bbox 318 2353 465 2446; x_wconf 72' lang='grc' dir='ltr'><strong><em>ἐμπειρίᾳ</em></strong></span> <span class='ocrx_word' id='word_1_189' title='bbox 484 2357 545 2438; x_wconf 83' lang='grc' dir='ltr'><strong><em>μὲν</em></strong></span> <span class='ocrx_word' id='word_1_190' title='bbox 565 2353 728 2444; x_wconf 78' lang='grc' dir='ltr'><strong><em>ἐφύλαξαν</em></strong></span> <span class='ocrx_word' id='word_1_191' title='bbox 740 2354 799 2441; x_wconf 76' lang='grc' dir='ltr'>τὴν</span> <span class='ocrx_word' id='word_1_192' title='bbox 819 2355 918 2437; x_wconf 84' lang='grc' dir='ltr'><strong><em>τάξιν,</em></strong></span> <span class='ocrx_word' id='word_1_193' title='bbox 941 2355 1056 2445; x_wconf 79' lang='grc' dir='ltr'><strong><em>άνάρίηι</em></strong></span> <span class='ocrx_word' id='word_1_194' title='bbox 1077 2358 1113 2421; x_wconf 80' lang='grc' dir='ltr'><strong><em>δέ</em></strong></span> <span class='ocrx_word' id='word_1_195' title='bbox 1132 2354 1222 2430; x_wconf 79' lang='grc' dir='ltr'><strong><em>καίν.</em></strong></span> <span class='ocrx_word' id='word_1_196' title='bbox 1236 2373 1284 2444; x_wconf 78' lang='lat'>¹7⁶</span> 
     </span>
     <span class='ocr_line' id='line_1_22' title="bbox 84 2449 1213 2543; baseline 0.006 -25"><span class='ocrx_word' id='word_1_197' title='bbox 84 2449 229 2542; x_wconf 71' lang='grc' dir='ltr'><strong><em>εὐψυχίᾳ</em></strong></span> <span class='ocrx_word' id='word_1_198' title='bbox 249 2449 407 2540; x_wconf 87' lang='grc' dir='ltr'><strong><em>κρείττους</em></strong></span> <span class='ocrx_word' id='word_1_199' title='bbox 427 2454 480 2519; x_wconf 77' lang='lat' dir='ltr'>oiri</span> <span class='ocrx_word' id='word_1_200' title='bbox 499 2452 684 2543; x_wconf 82' lang='grc' dir='ltr'><strong><em>φαινόμενοι</em></strong></span> <span class='ocrx_word' id='word_1_201' title='bbox 703 2449 803 2540; x_wconf 74' lang='grc' dir='ltr'><strong><em>ἡμῶν,</em></strong></span> <span class='ocrx_word' id='word_1_202' title='bbox 825 2453 1009 2520; x_wconf 81' lang='grc' dir='ltr'><strong><em>α’πέιιτειναν</em></strong></span> <span class='ocrx_word' id='word_1_203' title='bbox 1030 2455 1091 2537; x_wconf 85' lang='grc' dir='ltr'><strong><em>μὲν</em></strong></span> <span class='ocrx_word' id='word_1_204' title='bbox 1110 2459 1213 2525; x_wconf 73' lang='grc' dir='ltr'><strong><em>πολ-0</em></strong></span> 
     </span>
     <span class='ocr_line' id='line_1_23' title="bbox 83 2547 1189 2639; baseline -0.001 -19"><span class='ocrx_word' id='word_1_205' title='bbox 83 2552 162 2630; x_wconf 79' lang='grc' dir='ltr'><strong><em>λοὺς</em></strong></span> <span class='ocrx_word' id='word_1_206' title='bbox 180 2548 281 2636; x_wconf 76' lang='grc' dir='ltr'><strong><em>ἡμῶν,</em></strong></span> <span class='ocrx_word' id='word_1_207' title='bbox 300 2550 429 2618; x_wconf 85' lang='grc' dir='ltr'><strong><em>ἐκείνων</em></strong></span> <span class='ocrx_word' id='word_1_208' title='bbox 448 2554 484 2620; x_wconf 81' lang='grc' dir='ltr'>δὲ</span> <span class='ocrx_word' id='word_1_209' title='bbox 505 2549 664 2620; x_wconf 63' lang='lat' dir='ltr'>tutentur</span> <span class='ocrx_word' id='word_1_210' title='bbox 686 2548 760 2618; x_wconf 75' lang='grc' dir='ltr'>οὐδὲ</span> <span class='ocrx_word' id='word_1_211' title='bbox 781 2547 889 2638; x_wconf 79' lang='grc' dir='ltr'><strong><em>ὄλίμοι.</em></strong></span> <span class='ocrx_word' id='word_1_212' title='bbox 910 2551 967 2618; x_wconf 82' lang='grc' dir='ltr'>καί</span> <span class='ocrx_word' id='word_1_213' title='bbox 984 2551 1019 2618; x_wconf 81' lang='lat' dir='ltr'>sd</span> <span class='ocrx_word' id='word_1_214' title='bbox 1042 2553 1082 2639; x_wconf 69' lang='grc' dir='ltr'>δὴ</span> <span class='ocrx_word' id='word_1_215' title='bbox 1103 2558 1189 2619; x_wconf 75' lang='grc' dir='ltr'><strong><em>θαν-</em></strong></span> 
     </span>
     <span class='ocr_line' id='line_1_24' title="bbox 83 2645 1186 2738; baseline 0.002 -22"><span class='ocrx_word' id='word_1_216' title='bbox 83 2647 293 2738; x_wconf 87' lang='grc' dir='ltr'><strong><em>μαστάτερον,</em></strong></span> <span class='ocrx_word' id='word_1_217' title='bbox 315 2645 366 2716; x_wconf 78' lang='grc' dir='ltr'>ὅτι</span> <span class='ocrx_word' id='word_1_218' title='bbox 385 2653 441 2718; x_wconf 79' lang='grc' dir='ltr'>καί</span> <span class='ocrx_word' id='word_1_219' title='bbox 458 2649 541 2733; x_wconf 87' lang='grc' dir='ltr'><strong><em>μετά</em></strong></span> <span class='ocrx_word' id='word_1_220' title='bbox 564 2648 623 2738; x_wconf 79' lang='grc' dir='ltr'>την</span> <span class='ocrx_word' id='word_1_221' title='bbox 645 2645 809 2730; x_wconf 71' lang='grc' dir='ltr'><strong><em>ἀνάζευξιν</em></strong></span> <span class='ocrx_word' id='word_1_222' title='bbox 828 2651 883 2736; x_wconf 73' lang='grc' dir='ltr'>τῆς</span> <span class='ocrx_word' id='word_1_223' title='bbox 903 2653 1054 2736; x_wconf 69' lang='grc' dir='ltr'>σῐρατιάς</span> <span class='ocrx_word' id='word_1_224' title='bbox 1072 2647 1186 2735; x_wconf 76' lang='grc' dir='ltr'><strong><em>α’λίμων</em></strong></span> 
     </span>
     <span class='ocr_line' id='line_1_25' title="bbox 84 2744 1186 2838; baseline -0.002 -20"><span class='ocrx_word' id='word_1_225' title='bbox 84 2751 181 2818; x_wconf 70' lang='grc' dir='ltr'><strong><em>τινοῖν</em></strong></span> <span class='ocrx_word' id='word_1_226' title='bbox 201 2744 303 2818; x_wconf 79' lang='grc' dir='ltr'><strong><em>ἐπάνω</em></strong></span> <span class='ocrx_word' id='word_1_227' title='bbox 323 2749 581 2835; x_wconf 73' lang='grc' dir='ltr'><strong><em>άπολιπομένων,</em></strong></span> <span class='ocrx_word' id='word_1_228' title='bbox 609 2747 864 2826; x_wconf 83' lang='grc' dir='ltr'><strong><em>πολλαπλασίους</em></strong></span> <span class='ocrx_word' id='word_1_229' title='bbox 885 2751 921 2816; x_wconf 83' lang='grc' dir='ltr'>ἐκ</span> <span class='ocrx_word' id='word_1_230' title='bbox 941 2752 1006 2816; x_wconf 77' lang='grc' dir='ltr'>τάν</span> <span class='ocrx_word' id='word_1_231' title='bbox 1027 2745 1186 2838; x_wconf 76' lang='grc' dir='ltr'><strong><em>ἡμετέρων</em></strong></span> 
     </span>
    </p>
   </div>
   <div class='ocr_carea' id='block_1_3' title="bbox 81 2951 1210 4291">
    <p class='ocr_par' dir='ltr' id='par_1_6' title="bbox 82 2951 1210 3376">
     <span class='ocr_line' id='line_1_26' title="bbox 85 2951 1186 3025; baseline 0.002 -19"><span class='ocrx_word' id='word_1_232' title='bbox 85 2959 261 3006; x_wconf 80' lang='lat' dir='ltr'>tosta-sterent</span> <span class='ocrx_word' id='word_1_233' title='bbox 285 2954 428 3008; x_wconf 78' lang='lat' dir='ltr'><strong>certiorem</strong></span> <span class='ocrx_word' id='word_1_234' title='bbox 449 2968 508 3007; x_wconf 89' lang='lat' dir='ltr'>esse</span> <span class='ocrx_word' id='word_1_235' title='bbox 531 2953 637 3009; x_wconf 81' lang='lat' dir='ltr'>voluit:</span> <span class='ocrx_word' id='word_1_236' title='bbox 655 2953 827 3008; x_wconf 78' lang='lat' dir='ltr'>vulneratum</span> <span class='ocrx_word' id='word_1_237' title='bbox 850 2967 880 3006; x_wconf 92' lang='lat' dir='ltr'>se</span> <span class='ocrx_word' id='word_1_238' title='bbox 893 2951 1007 3025; x_wconf 84' lang='lat' dir='ltr'>quidem</span> <span class='ocrx_word' id='word_1_239' title='bbox 1023 2955 1054 3008; x_wconf 86' lang='lat' dir='ltr'>in</span> <span class='ocrx_word' id='word_1_240' title='bbox 1072 2954 1186 3019; x_wconf 80' lang='lat' dir='ltr'>femore,</span> 
     </span>
     <span class='ocr_line' id='line_1_27' title="bbox 85 3022 1188 3096; baseline 0 -20"><span class='ocrx_word' id='word_1_241' title='bbox 85 3033 117 3076; x_wconf 87' lang='lat' dir='ltr'>at</span> <span class='ocrx_word' id='word_1_242' title='bbox 138 3041 195 3076; x_wconf 93' lang='lat' dir='ltr'>non</span> <span class='ocrx_word' id='word_1_243' title='bbox 210 3023 377 3092; x_wconf 71' lang='lat' dir='ltr'><strong>periculose,</strong></span> <span class='ocrx_word' id='word_1_244' title='bbox 396 3041 487 3096; x_wconf 88' lang='lat' dir='ltr'>neque</span> <span class='ocrx_word' id='word_1_245' title='bbox 500 3023 603 3079; x_wconf 85' lang='lat' dir='ltr'>ideireo</span> <span class='ocrx_word' id='word_1_246' title='bbox 617 3041 647 3078; x_wconf 90' lang='lat' dir='ltr'>se</span> <span class='ocrx_word' id='word_1_247' title='bbox 659 3023 764 3076; x_wconf 87' lang='lat' dir='ltr'>redire:</span> <span class='ocrx_word' id='word_1_248' title='bbox 782 3023 830 3076; x_wconf 88' lang='lat' dir='ltr'>sed</span> <span class='ocrx_word' id='word_1_249' title='bbox 867 3022 923 3076; x_wconf 88' lang='lat' dir='ltr'>uod</span> <span class='ocrx_word' id='word_1_250' title='bbox 940 3027 1021 3077; x_wconf 82' lang='lat' dir='ltr'>etiarn</span> <span class='ocrx_word' id='word_1_251' title='bbox 1038 3034 1102 3078; x_wconf 85' lang='lat' dir='ltr'>ante</span> <span class='ocrx_word' id='word_1_252' title='bbox 1125 3025 1188 3077; x_wconf 84' lang='lat' dir='ltr'>vul-</span> 
     </span>
     <span class='ocr_line' id='line_1_28' title="bbox 83 3093 1210 3166; baseline -0.002 -20"><span class='ocrx_word' id='word_1_253' title='bbox 83 3111 137 3146; x_wconf 91' lang='lat' dir='ltr'>nus</span> <span class='ocrx_word' id='word_1_254' title='bbox 152 3095 192 3146; x_wconf 85' lang='lat' dir='ltr'>ito</span> <span class='ocrx_word' id='word_1_255' title='bbox 207 3109 222 3145; x_wconf 91' lang='lat' dir='ltr'>e</span> <span class='ocrx_word' id='word_1_256' title='bbox 240 3111 269 3148; x_wconf 91' lang='lat' dir='ltr'>re</span> <span class='ocrx_word' id='word_1_257' title='bbox 282 3096 343 3148; x_wconf 80' lang='lat' dir='ltr'>iore</span> <span class='ocrx_word' id='word_1_258' title='bbox 359 3097 507 3148; x_wconf 87' lang='lat' dir='ltr'>statuisset.</span> <span class='ocrx_word' id='word_1_259' title='bbox 536 3095 650 3166; x_wconf 76' lang='lat' dir='ltr'>Magnus</span> <span class='ocrx_word' id='word_1_260' title='bbox 661 3110 724 3148; x_wconf 83' lang='lat' dir='ltr'>vero</span> <span class='ocrx_word' id='word_1_261' title='bbox 743 3093 917 3158; x_wconf 84' lang='lat' dir='ltr'>domestseu&#39;s,</span> <span class='ocrx_word' id='word_1_262' title='bbox 935 3095 1075 3148; x_wconf 87' lang='lat' dir='ltr'>commode</span> <span class='ocrx_word' id='word_1_263' title='bbox 1091 3095 1187 3146; x_wconf 81' lang='lat' dir='ltr'>eastris</span> <span class='ocrx_word' id='word_1_264' title='bbox 1206 3154 1210 3162; x_wconf 35' lang='grc' dir='ltr'>Ι</span> 
     </span>
     <span class='ocr_line' id='line_1_29' title="bbox 84 3163 1186 3236; baseline -0.002 -20"><span class='ocrx_word' id='word_1_265' title='bbox 84 3164 262 3228; x_wconf 85' lang='lat' dir='ltr'>constitutis,</span> <span class='ocrx_word' id='word_1_266' title='bbox 286 3167 399 3234; x_wconf 87' lang='lat' dir='ltr'>sumptis</span> <span class='ocrx_word' id='word_1_267' title='bbox 426 3174 495 3236; x_wconf 91' lang='lat' dir='ltr'>quot</span> <span class='ocrx_word' id='word_1_268' title='bbox 522 3165 611 3220; x_wconf 85' lang='lat' dir='ltr'>voluit</span> <span class='ocrx_word' id='word_1_269' title='bbox 633 3163 784 3227; x_wconf 87' lang='lat' dir='ltr'>militibus,</span> <span class='ocrx_word' id='word_1_270' title='bbox 812 3165 843 3218; x_wconf 89' lang='lat' dir='ltr'>in</span> <span class='ocrx_word' id='word_1_271' title='bbox 866 3181 962 3218; x_wconf 88' lang='lat' dir='ltr'>eorum</span> <span class='ocrx_word' id='word_1_272' title='bbox 987 3163 1063 3216; x_wconf 82' lang='lat' dir='ltr'>editu</span> <span class='ocrx_word' id='word_1_273' title='bbox 1088 3173 1186 3216; x_wconf 80' lang='lat' dir='ltr'>nature</span> 
     </span>
     <span class='ocr_line' id='line_1_30' title="bbox 82 3233 1187 3306; baseline 0 -20"><span class='ocrx_word' id='word_1_274' title='bbox 82 3235 181 3305; x_wconf 79' lang='lat' dir='ltr'>putere</span> <span class='ocrx_word' id='word_1_275' title='bbox 196 3242 309 3304; x_wconf 78' lang='lat' dir='ltr'>angusto</span> <span class='ocrx_word' id='word_1_276' title='bbox 328 3244 356 3290; x_wconf 90' lang='lat' dir='ltr'>et</span> <span class='ocrx_word' id='word_1_277' title='bbox 370 3234 470 3289; x_wconf 88' lang='lat' dir='ltr'>isthmo</span> <span class='ocrx_word' id='word_1_278' title='bbox 490 3236 574 3288; x_wconf 87' lang='lat' dir='ltr'>simili</span> <span class='ocrx_word' id='word_1_279' title='bbox 583 3271 593 3299; x_wconf 89' lang='lat'>,</span> <span class='ocrx_word' id='word_1_280' title='bbox 609 3236 667 3289; x_wconf 86' lang='lat' dir='ltr'>leto</span> <span class='ocrx_word' id='word_1_281' title='bbox 684 3233 830 3288; x_wconf 81' lang='lat' dir='ltr'>edmodum</span> <span class='ocrx_word' id='word_1_282' title='bbox 853 3235 986 3288; x_wconf 87' lang='lat' dir='ltr'>interiore</span> <span class='ocrx_word' id='word_1_283' title='bbox 1010 3234 1118 3306; x_wconf 88' lang='lat' dir='ltr'>spatio,</span> <span class='ocrx_word' id='word_1_284' title='bbox 1135 3249 1187 3304; x_wconf 87' lang='lat' dir='ltr'>per</span> 
     </span>
     <span class='ocr_line' id='line_1_31' title="bbox 83 3305 418 3376; baseline 0 -18"><span class='ocrx_word' id='word_1_285' title='bbox 83 3313 196 3358; x_wconf 68' lang='lat' dir='ltr'>nomem</span> <span class='ocrx_word' id='word_1_286' title='bbox 209 3306 336 3358; x_wconf 78' lang='lat' dir='ltr'>excubias</span> <span class='ocrx_word' id='word_1_287' title='bbox 354 3305 418 3376; x_wconf 79' lang='lat' dir='ltr'>egit.</span> 
     </span>
    </p>

    <p class='ocr_par' dir='ltr' id='par_1_7' title="bbox 81 3372 1188 4291">
     <span class='ocr_line' id='line_1_32' title="bbox 159 3372 1186 3446; baseline -0.006 -16"><span class='ocrx_word' id='word_1_288' title='bbox 159 3379 183 3430; x_wconf 87' lang='lat' dir='ltr'>e.</span> <span class='ocrx_word' id='word_1_289' title='bbox 221 3375 373 3440; x_wconf 83' lang='lat' dir='ltr'>Orchaues,</span> <span class='ocrx_word' id='word_1_290' title='bbox 391 3381 535 3446; x_wconf 83' lang='lat' dir='ltr'>postquam</span> <span class='ocrx_word' id='word_1_291' title='bbox 551 3374 766 3438; x_wconf 76' lang='lat' dir='ltr'>contenebravit,</span> <span class='ocrx_word' id='word_1_292' title='bbox 783 3375 883 3428; x_wconf 76' lang='lat' dir='ltr'>coactis</span> <span class='ocrx_word' id='word_1_293' title='bbox 901 3375 1015 3445; x_wconf 80' lang='lat' dir='ltr'>satrapis</span> <span class='ocrx_word' id='word_1_294' title='bbox 1032 3375 1099 3435; x_wconf 83' lang='lat' dir='ltr'>suis,</span> <span class='ocrx_word' id='word_1_295' title='bbox 1117 3372 1186 3425; x_wconf 79' lang='lat' dir='ltr'>tulin</span> 
     </span>
     <span class='ocr_line' id='line_1_33' title="bbox 83 3441 1185 3517; baseline -0.003 -20"><span class='ocrx_word' id='word_1_296' title='bbox 83 3441 170 3497; x_wconf 82' lang='lat' dir='ltr'>verba</span> <span class='ocrx_word' id='word_1_297' title='bbox 187 3443 332 3500; x_wconf 84' lang='lat' dir='ltr'>disseruit:</span> <span class='ocrx_word' id='word_1_298' title='bbox 352 3447 442 3517; x_wconf 83' lang='lat' dir='ltr'>Quam</span> <span class='ocrx_word' id='word_1_299' title='bbox 463 3447 520 3498; x_wconf 87' lang='lat' dir='ltr'>sint</span> <span class='ocrx_word' id='word_1_300' title='bbox 532 3446 602 3498; x_wconf 85' lang='lat' dir='ltr'>belii</span> <span class='ocrx_word' id='word_1_301' title='bbox 617 3447 735 3498; x_wconf 88' lang='lat' dir='ltr'>seientes</span> <span class='ocrx_word' id='word_1_302' title='bbox 752 3461 890 3517; x_wconf 78' lang='lat' dir='ltr'>manuque</span> <span class='ocrx_word' id='word_1_303' title='bbox 913 3447 1033 3514; x_wconf 79' lang='lat' dir='ltr'><strong>prompti</strong></span> <span class='ocrx_word' id='word_1_304' title='bbox 1061 3443 1185 3506; x_wconf 78' lang='lat' dir='ltr'>Romani,</span> 
     </span>
     <span class='ocr_line' id='line_1_34' title="bbox 82 3516 1184 3588; baseline -0.004 -20"><span class='ocrx_word' id='word_1_305' title='bbox 82 3517 224 3568; x_wconf 87' lang='lat' dir='ltr'>neminem</span> <span class='ocrx_word' id='word_1_306' title='bbox 245 3524 363 3568; x_wconf 84' lang='lat' dir='ltr'>vestrum</span> <span class='ocrx_word' id='word_1_307' title='bbox 383 3517 468 3570; x_wconf 86' lang='lat' dir='ltr'>hodie</span> <span class='ocrx_word' id='word_1_308' title='bbox 488 3516 592 3569; x_wconf 83' lang='lat' dir='ltr'>nescire</span> <span class='ocrx_word' id='word_1_309' title='bbox 610 3517 726 3586; x_wconf 85' lang='lat' dir='ltr'><strong>opinor,</strong></span> <span class='ocrx_word' id='word_1_310' title='bbox 752 3517 873 3588; x_wconf 83' lang='lat' dir='ltr'>novique</span> <span class='ocrx_word' id='word_1_311' title='bbox 897 3533 947 3586; x_wconf 86' lang='lat' dir='ltr'>pro</span> <span class='ocrx_word' id='word_1_312' title='bbox 972 3523 1063 3578; x_wconf 83' lang='lat' dir='ltr'>certo,</span> <span class='ocrx_word' id='word_1_313' title='bbox 1089 3521 1117 3566; x_wconf 89' lang='lat' dir='ltr'>et</span> <span class='ocrx_word' id='word_1_314' title='bbox 1138 3529 1184 3566; x_wconf 83' lang='lat' dir='ltr'>vos</span> 
     </span>
     <span class='ocr_line' id='line_1_35' title="bbox 81 3583 1186 3660; baseline -0.002 -24"><span class='ocrx_word' id='word_1_315' title='bbox 81 3585 156 3638; x_wconf 88' lang='lat' dir='ltr'>mihi</span> <span class='ocrx_word' id='word_1_316' title='bbox 178 3603 351 3650; x_wconf 69' lang='lat' dir='ltr'>assensuros,</span> <span class='ocrx_word' id='word_1_317' title='bbox 379 3603 469 3660; x_wconf 88' lang='lat' dir='ltr'>neque</span> <span class='ocrx_word' id='word_1_318' title='bbox 489 3587 608 3650; x_wconf 86' lang='lat' dir='ltr'>nostris,</span> <span class='ocrx_word' id='word_1_319' title='bbox 636 3602 728 3656; x_wconf 86' lang='lat' dir='ltr'>neque</span> <span class='ocrx_word' id='word_1_320' title='bbox 752 3588 885 3641; x_wconf 88' lang='lat' dir='ltr'>maiorum</span> <span class='ocrx_word' id='word_1_321' title='bbox 906 3593 1060 3639; x_wconf 85' lang='lat' dir='ltr'>nostrorum</span> <span class='ocrx_word' id='word_1_322' title='bbox 1087 3583 1186 3636; x_wconf 86' lang='lat' dir='ltr'>seculis</span> 
     </span>
     <span class='ocr_line' id='line_1_36' title="bbox 83 3651 1188 3728; baseline -0.004 -20"><span class='ocrx_word' id='word_1_323' title='bbox 83 3657 219 3708; x_wconf 79' lang='lat' dir='ltr'>Romanos</span> <span class='ocrx_word' id='word_1_324' title='bbox 243 3657 312 3710; x_wconf 80' lang='lat' dir='ltr'>elios</span> <span class='ocrx_word' id='word_1_325' title='bbox 335 3675 395 3709; x_wconf 87' lang='lat' dir='ltr'>curn</span> <span class='ocrx_word' id='word_1_326' title='bbox 420 3665 498 3710; x_wconf 82' lang='lat' dir='ltr'>tants</span> <span class='ocrx_word' id='word_1_327' title='bbox 518 3657 637 3710; x_wconf 86' lang='lat' dir='ltr'>nominis</span> <span class='ocrx_word' id='word_1_328' title='bbox 659 3657 701 3708; x_wconf 91' lang='lat' dir='ltr'>sui</span> <span class='ocrx_word' id='word_1_329' title='bbox 720 3657 805 3727; x_wconf 83' lang='lat' dir='ltr'>gloria</span> <span class='ocrx_word' id='word_1_330' title='bbox 820 3666 931 3728; x_wconf 88' lang='lat' dir='ltr'>tamque</span> <span class='ocrx_word' id='word_1_331' title='bbox 943 3651 1074 3724; x_wconf 57' lang='lat' dir='ltr'>sinfiuiari</span> <span class='ocrx_word' id='word_1_332' title='bbox 1087 3655 1188 3725; x_wconf 83' lang='lat' dir='ltr'>peritis</span> 
     </span>
     <span class='ocr_line' id='line_1_37' title="bbox 84 3724 1188 3796; baseline -0.001 -20"><span class='ocrx_word' id='word_1_333' title='bbox 84 3724 246 3778; x_wconf 70' lang='lat' dir='ltr'>decertasse.</span> <span class='ocrx_word' id='word_1_334' title='bbox 284 3729 353 3781; x_wconf 86' lang='lat' dir='ltr'>Cum</span> <span class='ocrx_word' id='word_1_335' title='bbox 381 3728 454 3779; x_wconf 84' lang='lat' dir='ltr'>enim</span> <span class='ocrx_word' id='word_1_336' title='bbox 473 3743 524 3796; x_wconf 88' lang='lat' dir='ltr'>per</span> <span class='ocrx_word' id='word_1_337' title='bbox 545 3733 635 3779; x_wconf 86' lang='lat' dir='ltr'>totum</span> <span class='ocrx_word' id='word_1_338' title='bbox 658 3725 731 3778; x_wconf 88' lang='lat' dir='ltr'>diem</span> <span class='ocrx_word' id='word_1_339' title='bbox 753 3735 802 3780; x_wconf 88' lang='lat' dir='ltr'>aut</span> <span class='ocrx_word' id='word_1_340' title='bbox 822 3725 931 3780; x_wconf 74' lang='lat' dir='ltr'>fallacia</span> <span class='ocrx_word' id='word_1_341' title='bbox 951 3734 998 3776; x_wconf 86' lang='lat' dir='ltr'>sut</span> <span class='ocrx_word' id='word_1_342' title='bbox 1015 3733 1119 3777; x_wconf 87' lang='lat' dir='ltr'>terrore</span> <span class='ocrx_word' id='word_1_343' title='bbox 1139 3729 1188 3775; x_wconf 89' lang='lat' dir='ltr'>sut</span> 
     </span>
     <span class='ocr_line' id='line_1_38' title="bbox 84 3793 1187 3868; baseline -0.005 -19"><span class='ocrx_word' id='word_1_344' title='bbox 84 3798 195 3864; x_wconf 88' lang='lat' dir='ltr'>impetu</span> <span class='ocrx_word' id='word_1_345' title='bbox 223 3796 317 3851; x_wconf 74' lang='lat' dir='ltr'>audrei</span> <span class='ocrx_word' id='word_1_346' title='bbox 342 3814 373 3850; x_wconf 85' lang='lat' dir='ltr'>ao</span> <span class='ocrx_word' id='word_1_347' title='bbox 399 3797 545 3868; x_wconf 88' lang='lat' dir='ltr'>repentino</span> <span class='ocrx_word' id='word_1_348' title='bbox 567 3804 616 3848; x_wconf 86' lang='lat' dir='ltr'>aut</span> <span class='ocrx_word' id='word_1_349' title='bbox 637 3797 692 3848; x_wconf 85' lang='lat' dir='ltr'>alio</span> <span class='ocrx_word' id='word_1_350' title='bbox 715 3798 837 3866; x_wconf 88' lang='lat' dir='ltr'>denique</span> <span class='ocrx_word' id='word_1_351' title='bbox 859 3793 941 3849; x_wconf 86' lang='lat' dir='ltr'>modo</span> <span class='ocrx_word' id='word_1_352' title='bbox 962 3794 1072 3846; x_wconf 83' lang='lat' dir='ltr'>ordines</span> <span class='ocrx_word' id='word_1_353' title='bbox 1091 3809 1187 3844; x_wconf 85' lang='lat' dir='ltr'>eorum</span> 
     </span>
     <span class='ocr_line' id='line_1_39' title="bbox 87 3861 1186 3936; baseline -0.002 -19"><span class='ocrx_word' id='word_1_354' title='bbox 87 3865 245 3918; x_wconf 74' lang='lat' dir='ltr'>disturbare</span> <span class='ocrx_word' id='word_1_355' title='bbox 263 3883 438 3933; x_wconf 81' lang='lat' dir='ltr'>conaremur,</span> <span class='ocrx_word' id='word_1_356' title='bbox 466 3867 521 3936; x_wconf 89' lang='lat' dir='ltr'>ipsi</span> <span class='ocrx_word' id='word_1_357' title='bbox 545 3883 597 3920; x_wconf 87' lang='lat' dir='ltr'>nee</span> <span class='ocrx_word' id='word_1_358' title='bbox 618 3867 758 3919; x_wconf 87' lang='lat' dir='ltr'>tantillum</span> <span class='ocrx_word' id='word_1_359' title='bbox 782 3883 799 3917; x_wconf 86' lang='lat' dir='ltr'>s</span> <span class='ocrx_word' id='word_1_360' title='bbox 820 3865 932 3936; x_wconf 82' lang='lat' dir='ltr'>propris</span> <span class='ocrx_word' id='word_1_361' title='bbox 952 3863 1007 3916; x_wconf 87' lang='lat' dir='ltr'>sibi</span> <span class='ocrx_word' id='word_1_362' title='bbox 1036 3861 1186 3915; x_wconf 75' lang='lat' dir='ltr'>altitudine</span> 
     </span>
     <span class='ocr_line' id='line_1_40' title="bbox 85 3933 1187 4008; baseline -0.002 -20"><span class='ocrx_word' id='word_1_363' title='bbox 85 3937 173 3988; x_wconf 79' lang='lat' dir='ltr'>animi</span> <span class='ocrx_word' id='word_1_364' title='bbox 184 3933 370 3990; x_wconf 81' lang='lat' dir='ltr'>deflexerunt:</span> <span class='ocrx_word' id='word_1_365' title='bbox 389 3937 437 3990; x_wconf 89' lang='lat' dir='ltr'>sed</span> <span class='ocrx_word' id='word_1_366' title='bbox 455 3955 510 4008; x_wconf 86' lang='lat' dir='ltr'>qua</span> <span class='ocrx_word' id='word_1_367' title='bbox 525 3937 618 3990; x_wconf 81' lang='lat' dir='ltr'>valent</span> <span class='ocrx_word' id='word_1_368' title='bbox 631 3935 788 4006; x_wconf 82' lang='lat' dir='ltr'>disciplina,</span> <span class='ocrx_word' id='word_1_369' title='bbox 806 3937 939 3987; x_wconf 87' lang='lat' dir='ltr'>stationes</span> <span class='ocrx_word' id='word_1_370' title='bbox 953 3940 1109 3985; x_wconf 85' lang='lat' dir='ltr'>servarunt:</span> <span class='ocrx_word' id='word_1_371' title='bbox 1128 3933 1187 3986; x_wconf 81' lang='lat' dir='ltr'>ior·</span> 
     </span>
     <span class='ocr_line' id='line_1_41' title="bbox 84 4003 1186 4080; baseline -0.004 -22"><span class='ocrx_word' id='word_1_372' title='bbox 84 4005 209 4060; x_wconf 86' lang='lat' dir='ltr'>titudine</span> <span class='ocrx_word' id='word_1_373' title='bbox 223 4015 314 4060; x_wconf 86' lang='lat' dir='ltr'>autem</span> <span class='ocrx_word' id='word_1_374' title='bbox 332 4009 473 4080; x_wconf 86' lang='lat' dir='ltr'>animique</span> <span class='ocrx_word' id='word_1_375' title='bbox 490 4007 658 4077; x_wconf 83' lang='lat' dir='ltr'>praestantia</span> <span class='ocrx_word' id='word_1_376' title='bbox 671 4023 779 4076; x_wconf 86' lang='lat' dir='ltr'>semper</span> <span class='ocrx_word' id='word_1_377' title='bbox 788 4005 869 4058; x_wconf 87' lang='lat' dir='ltr'>nobis</span> <span class='ocrx_word' id='word_1_378' title='bbox 883 4005 1020 4067; x_wconf 86' lang='lat' dir='ltr'>meliores,</span> <span class='ocrx_word' id='word_1_379' title='bbox 1035 4003 1186 4072; x_wconf 87' lang='lat' dir='ltr'>complures</span> 
     </span>
     <span class='ocr_line' id='line_1_42' title="bbox 82 4071 1187 4148; baseline -0.004 -18"><span class='ocrx_word' id='word_1_380' title='bbox 82 4086 211 4130; x_wconf 87' lang='lat' dir='ltr'>nostrum</span> <span class='ocrx_word' id='word_1_381' title='bbox 224 4095 286 4132; x_wconf 83' lang='lat' dir='ltr'>oreo</span> <span class='ocrx_word' id='word_1_382' title='bbox 302 4079 479 4140; x_wconf 86' lang='lat' dir='ltr'>demiserunt,</span> <span class='ocrx_word' id='word_1_383' title='bbox 493 4094 529 4129; x_wconf 90' lang='lat' dir='ltr'>ne</span> <span class='ocrx_word' id='word_1_384' title='bbox 544 4079 637 4147; x_wconf 78' lang='lat' dir='ltr'>pensis</span> <span class='ocrx_word' id='word_1_385' title='bbox 647 4075 761 4148; x_wconf 87' lang='lat' dir='ltr'>quidem</span> <span class='ocrx_word' id='word_1_386' title='bbox 774 4075 810 4128; x_wconf 90' lang='lat' dir='ltr'>de</span> <span class='ocrx_word' id='word_1_387' title='bbox 822 4091 916 4128; x_wconf 89' lang='lat' dir='ltr'>eornm</span> <span class='ocrx_word' id='word_1_388' title='bbox 924 4091 1037 4126; x_wconf 90' lang='lat' dir='ltr'>numero</span> <span class='ocrx_word' id='word_1_389' title='bbox 1047 4071 1187 4126; x_wconf 79' lang='lat' dir='ltr'>desidero·</span> 
     </span>
     <span class='ocr_line' id='line_1_43' title="bbox 83 4143 1188 4218; baseline -0.005 -18"><span class='ocrx_word' id='word_1_390' title='bbox 83 4149 132 4202; x_wconf 86' lang='lat' dir='ltr'>tis.</span> <span class='ocrx_word' id='word_1_391' title='bbox 169 4145 308 4218; x_wconf 85' lang='lat' dir='ltr'>Quodque</span> <span class='ocrx_word' id='word_1_392' title='bbox 323 4149 478 4206; x_wconf 83' lang='lat' dir='ltr'>mirabilius</span> <span class='ocrx_word' id='word_1_393' title='bbox 495 4155 551 4210; x_wconf 88' lang='lat' dir='ltr'>est,</span> <span class='ocrx_word' id='word_1_394' title='bbox 570 4147 654 4200; x_wconf 88' lang='lat' dir='ltr'>etism</span> <span class='ocrx_word' id='word_1_395' title='bbox 671 4147 702 4200; x_wconf 87' lang='lat' dir='ltr'>in</span> <span class='ocrx_word' id='word_1_396' title='bbox 720 4154 807 4200; x_wconf 84' lang='lat' dir='ltr'>eastra</span> <span class='ocrx_word' id='word_1_397' title='bbox 831 4161 860 4199; x_wconf 88' lang='lat' dir='ltr'>se</span> <span class='ocrx_word' id='word_1_398' title='bbox 880 4145 1032 4214; x_wconf 80' lang='lat' dir='ltr'>recipiente</span> <span class='ocrx_word' id='word_1_399' title='bbox 1056 4143 1188 4206; x_wconf 77' lang='lat' dir='ltr'>exercitu,</span> 
     </span>
     <span class='ocr_line' id='line_1_44' title="bbox 85 4213 1186 4291; baseline -0.005 -19"><span class='ocrx_word' id='word_1_400' title='bbox 85 4235 151 4273; x_wconf 86' lang='lat' dir='ltr'>eum</span> <span class='ocrx_word' id='word_1_401' title='bbox 163 4215 291 4290; x_wconf 24' lang='lat' dir='ltr'>hendlits</span> <span class='ocrx_word' id='word_1_402' title='bbox 323 4219 406 4274; x_wconf 86' lang='lat' dir='ltr'>multi</span> <span class='ocrx_word' id='word_1_403' title='bbox 421 4217 570 4274; x_wconf 84' lang='lat' dir='ltr'>rediissent</span> <span class='ocrx_word' id='word_1_404' title='bbox 586 4233 689 4291; x_wconf 82' lang='lat' dir='ltr'>eosque</span> <span class='ocrx_word' id='word_1_405' title='bbox 709 4217 744 4273; x_wconf 89' lang='lat' dir='ltr'>de</span> <span class='ocrx_word' id='word_1_406' title='bbox 758 4217 839 4274; x_wconf 88' lang='lat' dir='ltr'>nobis</span> <span class='ocrx_word' id='word_1_407' title='bbox 854 4217 942 4270; x_wconf 88' lang='lat' dir='ltr'>multo</span> <span class='ocrx_word' id='word_1_408' title='bbox 957 4215 1050 4287; x_wconf 89' lang='lat' dir='ltr'>plures</span> <span class='ocrx_word' id='word_1_409' title='bbox 1069 4213 1186 4270; x_wconf 77' lang='lat' dir='ltr'>invasis·</span> 
     </span>
    </p>
   </div>
   <div class='ocr_carea' id='block_1_4' title="bbox 0 0 1545 4934">
    <p class='ocr_par' dir='ltr' id='par_1_8' title="bbox 0 0 1545 4934">
     <span class='ocr_line' id='line_1_45' title="bbox 0 0 1545 4934; baseline 0 0"><span class='ocrx_word' id='word_1_410' title='bbox 0 0 1545 4934; x_wconf 95' lang='lat' dir='ltr'> </span> 
     </span>
    </p>
   </div>
  </div>
 </body>
</html>
