3074 4934
269 287 274 296 '
331 287 415 374 318
700 323 705 332 ·
741 301 1024 370 umlcuznur

188 475 250 533 nc.
264 465 382 544 siatoic
400 465 456 553 τῆς
483 465 570 548 δίκης
591 463 758 546 ἐσομένης,
786 454 804 522 ό
825 461 925 543 μέγας
954 455 1014 538 μὲν
1044 457 1227 538 δομέστικος
1251 460 1294 548 τρῖ
1316 482 1431 546 πατρι-

334 565 422 655 άρχῃ
443 559 686 646 συνταξάμενος,
706 559 813 628 οἴκαδε
835 554 1005 644 ἀπεχάρει·
1023 554 1041 622 ό
1062 555 1266 644 πατριάρχης
1287 561 1324 626 δὲ
1350 558 1431 645 πρός

332 665 410 741 τοός
430 660 591 750 παρόντας
620 661 742 745 ἀγνοεῖν
763 655 826 746 ἔφη
854 653 883 741 ό,
891 681 924 722 τι
951 657 996 744 τῷ
1021 655 1148 745 μεγάλῳ
1172 657 1345 747 δυμεστίκφ
1375 657 1432 742 την

333 755 415 850 πρός
440 761 500 848 τήν
532 763 622 847 δίκην
646 757 836 844 ἐπαγγελίαν
862 763 971 838 νοεῖν,
999 748 1106 840 ἢτίνι
1135 755 1321 844 θαρροῦντα
1352 756 1430 845 πρός

333 863 392 950 τὴν
412 865 500 948 δίκην
522 856 760 946 ἀπαντήσεσθαι
780 857 854 936 τεός
875 857 1047 944 ἀρχιερέας
1068 855 1189 943 φάναι,
1216 852 1318 933 οότως
1335 851 1451 923 πότε-5

334 963 544 1050 κατακρίτους
565 953 666 1042 όντας,
688 960 719 1024 εἰ
736 956 781 1043 μή
801 981 833 1024 τι
854 953 1037 1042 καινότερον
1057 954 1254 1042 ἐπινενόηται
1274 956 1375 1047 αδτῷ.
1403 954 1433 1020 oi
1524 999 1525 1002 κ

333 1060 485 1148 παρόντες
506 1062 552 1143 δὲ,
575 1058 604 1124 oi
623 1060 684 1142 μὲν
705 1049 776 1123 οὔδ’
795 1049 888 1123 aient
900 1052 1028 1142 ἔφασαν
1046 1054 1085 1121 τί
1096 1055 1258 1122 δόνασδαι
1272 1061 1432 1138 συνεῖναι,

336 1157 366 1226 oi
387 1163 423 1227 di
443 1159 648 1241 όπάπτευσν,
678 1153 724 1243 μὴ
758 1155 816 1222 οόκ
845 1149 953 1240 ἀληθῆ
972 1150 1030 1238 τόν
1058 1151 1218 1240 περὶτῶν
1238 1154 1433 1242 πραγμάτων

236 1257 431 1345 “Ρ.λ9όε”σχεν
452 1259 661 1343 ἀπαγγελίαν,
691 1257 763 1322 ἀλλ’
788 1252 852 1320 όπό
874 1254 1003 1320 πολλῶν
1023 1256 1080 1320 καί
1098 1255 1245 1338 συνεχῶν
1266 1247 1434 1342 περιρρεό-

334 1383 427 1445 μενος
454 1359 653 1445 φροντίδων,
682 1356 741 1422 οόκ
770 1351 888 1443 ἀκριβῆ
914 1351 971 1441 την
999 1356 1145 1434 ἐξέτασιν
1172 1353 1342 1440 ἐποιήσατο
1370 1357 1468 1420 τεόνιο
1524 1373 1525 1434 ζ

335 1456 563 1523 ἀκουσθέντων.
585 1449 624 1520 osi
642 1454 704 1542 γάρ
722 1455 810 1522 ἐστιν
833 1454 917 1531 εἰκός
939 1451 1123 1536 πυθόμενον
1143 1455 1219 1539 περὶ
1245 1451 1370 1535 αὐτῶν,
1392 1451 1434 1530 ἀς

335 1557 387 1622 ἐπ’
413 1555 548 1644 οόδεμιᾷ
571 1553 748 1642 προφάσει,
778 1550 860 1618 ἀλλά
886 1549 969 1642 μόνη
991 1553 1031 1640 τῇ
1053 1552 1224 1638 προστάξει
1251 1549 1435 1634 πειθόμενοι

334 1657 501 1739 βασιλέως,
524 1652 622 1718 αότόν
637 1677 672 1718 τε
687 1653 843 1739 ἐξήλασαν
856 1652 1005 1727 ἐλθόντες
1029 1652 1086 1737 τῆς
1103 1650 1236 1738 ποίμνης
1250 1655 1292 1716 δι’
1310 1649 1434 1721 ἑαυτῶν
1524 1673 1525 1696 ³

335 1751 424 1840 παρά
443 1750 546 1817 πάντα
561 1750 616 1817 τόν
630 1756 690 1819 τοῦ
707 1752 829 1819 δικαιόν
847 1747 1013 1837 λόγονκαὶ
1031 1753 1234 1818 κατέκλεισαν
1257 1755 1292 1818 ἐν
1307 1753 1436 1840 φρουρᾷ

336 1847 442 1938 όόσπερ
463 1849 536 1918 τινά
554 1855 617 1917 τοῖν
631 1850 686 1918 ε’πό
697 1853 885 1927 δεινοτάτας
901 1847 1099 1934 ἑαλωκότων,
1119 1848 1220 1916 αάτσί
1231 1874 1265 1934 τε
1280 1851 1341 1938 ἀφ’
1359 1845 1470 1916 iao-15

336 1959 402 2029 τοῖς
417 1951 605 2036 ἐποιήσαπο
620 1947 677 2036 τὴν
696 1949 863 2036 ἐκκλησίαν
878 1948 935 2014 καί
957 1946 999 2014 τά
1015 1950 1147 2033 μέγιστα
1170 1949 1353 2028 ἀδικοῦντες
1383 1949 1437 2015 καὶ
1524 1952 1525 1970 ’

336 2051 594 2126 πλεονεκτοῦντες
615 2049 782 2115 ἐδιδασκσν
797 2045 852 2115 τόν
874 2046 954 2116 λαόν
979 2049 1054 2134 περὶ
1071 2049 1202 2135 ἀρετῆς,
1228 2048 1274 2135 μὴ
1302 2051 1340 2115 δὲ
1361 2051 1436 2136 ἐρυ-

307 2152 507 2235 Βδριῶντες,
529 2143 610 2214 ἀλλά
633 2146 689 2213 καὶ
702 2144 927 2231 σεμνυνόμενοι
947 2149 987 2236 τῇ
1008 2148 1156 2236 ἁρπαγῇ,
1185 2149 1436 2232 ἐπαγγέλλεσθαι

339 2245 458 2324 αότοός
481 2246 675 2333 ἀπαντήσειν
693 2250 740 2323 εἰς
754 2245 812 2331 τὴν
839 2249 942 2332 δίκην·
962 2243 1061 2323 αότός
1079 2245 1141 2332 γάρ
1160 2239 1202 2313 ἀν
1224 2242 1334 2312 αότιόν
1352 2245 1435 2312 ἁπά-

338 2371 412 2425 σαις
424 2347 578 2433 πρότερον
595 2347 740 2429 κατέγνω.
764 2341 781 2410 ό
799 2347 1002 2434 πατριάρχης
1015 2348 1051 2412 δὲ
1069 2347 1144 2412 ναόν
1158 2348 1218 2428 μὲν
1236 2345 1354 2424 adrosis,-
1373 2345 1470 2432 ippro

338 2441 432 2530 λόγον
448 2441 563 2528 ἔχοντα
586 2444 760 2530 εἰρηκέναι,
781 2439 879 2511 αότόν
901 2447 937 2510 δὲ
956 2441 1002 2530 μὴ
1028 2448 1200 2510 πειθεσθαι
1221 2439 1324 2522 οὕτως
1344 2440 1436 2527 εἶναι,

298 2583 301 2592 ·
339 2541 423 2610 ἀλλά
443 2569 474 2608 τι
493 2538 549 2608 τόν
564 2545 667 2630 μέγαν
681 2546 863 2626 δομέστικον
880 2546 1133 2629 ἐπινενοηκέναι,
1154 2546 1312 2629 βαθείαις,
1334 2541 1436 2610 καθά·

338 2666 397 2732 περ
417 2641 528 2727 ἴσμεν,
549 2646 743 2730 κεχρημένον
758 2652 830 2722 ταῖς
844 2644 974 2733 φρεσίν,
995 2641 1012 2710 ό
1030 2647 1088 2710 νόν
1105 2645 1193 2732 ἡμᾶς
1205 2641 1252 2731 μὴ
1276 2642 1437 2712 δύνασθαι

407 2795 448 2836 sa.
467 2777 623 2851 Legebatur
639 2777 808 2854 πυθόμενοι
822 2789 851 2834 ει
889 2785 929 2838 13.
947 2776 1081 2834 υδτοέτε.

338 2899 502 2972 praefinito,
530 2915 585 2970 quo
604 2901 727 2970 episcopi
746 2901 880 2954 iudicium
898 2899 1026 2965 obirent,
1048 2913 1159 2972 magnus
1177 2899 1343 2953 domesticus
1359 2899 1435 2952 sale-

341 2970 415 3027 dixit
431 2989 463 3024 ac
481 2970 615 3026 discessit
651 2973 723 3024 Tum
749 2969 904 3042 patriarcha
926 2975 1136 3043 praesentibus,
1163 2971 1275 3025 Nescire
1299 2987 1343 3034 se,
1369 2970 1435 3042 quid

340 3041 397 3094 sibi
414 3043 499 3106 velit,
519 3041 595 3114 quod
613 3040 778 3095 domesticus
796 3043 832 3096 ad
851 3042 986 3094 iudicium
1004 3043 1145 3096 condicat:
1165 3039 1284 3114 sistque
1302 3058 1331 3094 re
1350 3041 1434 3094 coufi-

341 3129 402 3176 sus,
428 3115 571 3183 episcopos
590 3111 658 3164 adeo
677 3130 726 3165 suo
747 3115 870 3180 ipsorum
888 3112 993 3166 iudicio
1012 3115 1065 3166 ium
1089 3113 1245 3176 damnatos,
1271 3109 1307 3164 ad
1327 3127 1434 3164 musam

341 3182 487 3235 dicendam
505 3199 663 3236 occursuros
682 3185 840 3252 promittat,
860 3185 915 3235 nisi
933 3185 999 3236 novi
1017 3185 1159 3255 quippiam
1179 3184 1338 3236 fabricetur.
1376 3183 1434 3236 Pars

340 3253 527 3323 respondere,
544 3252 586 3306 Ne
603 3269 633 3306 sc
652 3253 765 3324 quidem
782 3255 955 3324 prospicere,
975 3271 1104 3325 quorsum
1122 3263 1183 3309 cat:
1200 3271 1279 3325 pars,
1298 3271 1327 3306 se
1345 3255 1435 3322 suspi-

342 3324 414 3386 cari,
430 3321 506 3376 haud
524 3324 567 3376 illi
589 3339 646 3376 rem
667 3339 728 3376 acre
746 3326 902 3378 nuntiatam
920 3341 996 3390 esse:
1024 3325 1172 3380 sedverits
1197 3325 1371 3396 assiduisque
1388 3341 1435 3375 ue·

341 3393 423 3464 gotiis
445 3402 474 3447 et
496 3396 567 3447 curis
584 3395 833 3459 circumfluentem,
860 3411 930 3466 quae
948 3394 1087 3459 audisset,
1112 3397 1261 3467 diligenter
1280 3397 1433 3449 examinare

342 3481 375 3516 ac
391 3463 563 3535 perpendere
581 3483 637 3518 uon
655 3467 787 3535 potuisse.
822 3465 920 3539 Neque
938 3467 1012 3520 e'uirn
1031 3467 1176 3537 probabile
1194 3483 1334 3536 apparere,
1353 3467 1375 3518 si
1391 3482 1432 3516 ac-

342 3537 477 3606 cepisset,
498 3534 637 3607 quomodo
654 3537 758 3588 nullam
777 3535 947 3605 patriarchae
967 3539 1091 3610 culpam,
1115 3539 1165 3592 sed
1181 3537 1339 3590 mandatum
1359 3538 1432 3589 durn-

316 3612 419 3672 ,aaut
443 3607 614 3676 imperatoris
637 3606 851 3678 praetcndcutes
877 3609 1020 3673 venerint,
1045 3625 1162 3680 eumque
1187 3625 1236 3679 per
1263 3625 1293 3659 se
1315 3625 1332 3658 a
1358 3621 1431 3678 grege

342 3686 437 3730 contra
454 3695 536 3731 omne
555 3679 599 3732 iul
617 3686 647 3730 et
665 3678 705 3730 l'as
724 3678 867 3748 abegerint
887 3687 916 3732 et
933 3697 989 3731 non
1007 3696 1099 3739 secus,
1118 3697 1201 3751 quam
1221 3677 1360 3732 dirissimo
1376 3694 1430 3728 sec·

341 3748 399 3801 lere
416 3757 558 3813 notatum,
585 3751 614 3801 in
632 3765 766 3801 carcerem
784 3750 974 3803 condiderint:
999 3749 1055 3802 sibi
1074 3758 1165 3802 autern
1183 3753 1212 3803 iu
1228 3749 1371 3802 ecclesiam
1385 3765 1430 3798 au·

340 3820 497 3872 cleritatem
512 3820 678 3890 arrogarint3
697 3828 726 3872 et
743 3837 803 3874 curn
817 3829 909 3872 esseut
922 3821 975 3890 ipsi
989 3821 1164 3874 iniustissimi
1177 3831 1260 3892 atque
1277 3817 1429 3877 avarissimi,

340 3891 475 3960 populum
499 3891 628 3960 perfricta
646 3891 738 3943 lronte
756 3889 790 3943 de
809 3895 910 3945 virtute
930 3891 1088 3944 docuerint:
1117 3892 1186 3963 quin
1205 3893 1288 3943 etiarn
1307 3891 1344 3943 ob
1361 3889 1427 3955 rspi-

340 3977 391 4030 σεε
408 3977 470 4013 suaa
489 3961 576 4030 gloria
593 3975 622 4013 sc
640 3970 669 4013 et
685 3961 890 4031 praedicatione
908 3963 1069 4025 extulerint,
1087 3963 1156 4014 tales
1173 3965 1203 4014 in
1221 3959 1355 4012 iudicium
1367 3975 1427 4010 rcu-

339 4039 417 4084 turos
435 4032 631 4101 promissurum
652 4049 683 4084 ac
708 4049 765 4085 non
783 4033 876 4102 potius
900 4033 991 4102 ipsum
1012 4031 1139 4085 omuibus
1164 4033 1239 4103 prius
1260 4031 1369 4084 calculis
1386 4043 1426 4082 cot

341 4099 587 4153 condemnaturum
606 4102 699 4155 luisse.
736 4103 853 4172 Excepit
870 4102 1039 4173 patriarcha,
1068 4099 1148 4155 Haud
1169 4099 1288 4155 absurde
1312 4102 1424 4158 locutos;

341 4187 370 4222 se
389 4171 479 4226 nihilo
504 4173 595 4224 minus
612 4173 735 4225 noudurn
754 4173 871 4235 adduci,
892 4181 925 4226 ut
943 4172 1050 4237 credat,
1075 4172 1114 4226 ita
1131 4189 1159 4226 se
1180 4190 1237 4226 rem
1252 4171 1365 4224 habere:
1382 4165 1424 4220 sed

341 4241 421 4296 illuns
438 4243 593 4296 cumulatae
611 4242 775 4314 prudentiae
791 4244 880 4301 risum
890 4281 899 4310 ,
925 4243 1000 4316 quod
1018 4244 1107 4299 sciant
1127 4260 1241 4310 omues,
1259 4239 1363 4314 aliquid
1381 4255 1422 4292 ea·
