<?xml version="1.0" encoding="UTF-8"?>
<!DOCTYPE html PUBLIC "-//W3C//DTD XHTML 1.0 Transitional//EN"
    "http://www.w3.org/TR/xhtml1/DTD/xhtml1-transitional.dtd">
<html xmlns="http://www.w3.org/1999/xhtml" xml:lang="en" lang="en">
 <head>
  <title>
</title>
<meta http-equiv="Content-Type" content="text/html;charset=utf-8" />
  <meta name='ocr-system' content='tesseract 3.04.00' />
  <meta name='ocr-capabilities' content='ocr_page ocr_carea ocr_par ocr_line ocrx_word'/>
</head>
<body>
  <div class='ocr_page' id='page_1' title='image "./ioanniscantacuz01niebgoog_0458.png"; bbox 0 0 3074 4946; ppageno 0'>
   <div class='ocr_carea' id='block_1_1' title="bbox 439 225 1200 384">
    <p class='ocr_par' dir='ltr' id='par_1_1' title="bbox 439 225 1200 384">
     <span class='ocr_line' id='line_1_1' title="bbox 439 225 1200 384; baseline -0.007 -38"><span class='ocrx_word' id='word_1_1' title='bbox 439 281 721 384; x_wconf 63' lang='grc' dir='ltr'><strong><em>πιστοτάτου</em></strong></span> <span class='ocrx_word' id='word_1_2' title='bbox 751 285 791 348; x_wconf 92' lang='lat' dir='ltr'><strong>u.</strong></span> <span class='ocrx_word' id='word_1_3' title='bbox 822 289 871 361; x_wconf 80' lang='grc' dir='ltr'><strong>ιο.</strong></span> <span class='ocrx_word' id='word_1_4' title='bbox 1113 225 1200 360; x_wconf 75' lang='grc' dir='ltr'><strong>4ιὸ</strong></span> 
     </span>
    </p>
   </div>
   <div class='ocr_carea' id='block_1_2' title="bbox 12 425 1343 2809">
    <p class='ocr_par' dir='ltr' id='par_1_2' title="bbox 12 425 1343 2809">
     <span class='ocr_line' id='line_1_2' title="bbox 194 425 1343 522; baseline 0.001 -23"><span class='ocrx_word' id='word_1_5' title='bbox 194 432 249 501; x_wconf 90' lang='grc' dir='ltr'><strong><em>ιθ’.</em></strong></span> <span class='ocrx_word' id='word_1_6' title='bbox 283 427 370 502; x_wconf 77' lang='grc' dir='ltr'><strong><em>Ἐπεὶ</em></strong></span> <span class='ocrx_word' id='word_1_7' title='bbox 385 435 418 500; x_wconf 83' lang='grc' dir='ltr'><strong>δ’</strong></span> <span class='ocrx_word' id='word_1_8' title='bbox 437 425 481 502; x_wconf 72' lang='grc' dir='ltr'><strong>ὧν</strong></span> <span class='ocrx_word' id='word_1_9' title='bbox 500 439 575 522; x_wconf 71' lang='grc' dir='ltr'><strong><em>περὶ</em></strong></span> <span class='ocrx_word' id='word_1_10' title='bbox 592 439 727 521; x_wconf 76' lang='grc' dir='ltr'><strong><em>βασιλέα</em></strong></span> <span class='ocrx_word' id='word_1_11' title='bbox 743 435 798 504; x_wconf 86' lang='grc' dir='ltr'><strong>τὸν</strong></span> <span class='ocrx_word' id='word_1_12' title='bbox 817 437 945 503; x_wconf 78' lang='grc' dir='ltr'><em>πάππον</em></span> <span class='ocrx_word' id='word_1_13' title='bbox 965 429 982 503; x_wconf 85' lang='grc' dir='ltr'><strong><em>ὃ</em></strong></span> <span class='ocrx_word' id='word_1_14' title='bbox 1003 439 1072 515; x_wconf 72' lang='grc' dir='ltr'><strong><em>νέος</em></strong></span> <span class='ocrx_word' id='word_1_15' title='bbox 1092 439 1343 518; x_wconf 60' lang='lat' dir='ltr'><strong>desso-mrim</strong></span> 
     </span>
     <span class='ocr_line' id='line_1_3' title="bbox 115 531 1295 625; baseline 0.007 -27"><span class='ocrx_word' id='word_1_16' title='bbox 115 541 196 618; x_wconf 66' lang='grc' dir='ltr'><strong><em>εἶτα,</em></strong></span> <span class='ocrx_word' id='word_1_17' title='bbox 217 534 435 621; x_wconf 68' lang='grc' dir='ltr'><strong>ἐμνήσθημεν,</strong></span> <span class='ocrx_word' id='word_1_18' title='bbox 454 534 625 618; x_wconf 84' lang='grc' dir='ltr'><strong><em>βασιλεδς,</em></strong></span> <span class='ocrx_word' id='word_1_19' title='bbox 646 531 819 622; x_wconf 70' lang='grc' dir='ltr'><strong><em>ἀναγκαῖον</em></strong></span> <span class='ocrx_word' id='word_1_20' title='bbox 837 535 963 623; x_wconf 72' lang='grc' dir='ltr'><strong><em>βραχέα</em></strong></span> <span class='ocrx_word' id='word_1_21' title='bbox 980 541 1037 604; x_wconf 80' lang='grc' dir='ltr'><strong>καί</strong></span> <span class='ocrx_word' id='word_1_22' title='bbox 1052 537 1126 625; x_wconf 80' lang='grc' dir='ltr'><strong><em>περί</em></strong></span> <span class='ocrx_word' id='word_1_23' title='bbox 1137 539 1295 606; x_wconf 56' lang='lat' dir='ltr'><strong>osi-Padi</strong></span> 
     </span>
     <span class='ocr_line' id='line_1_4' title="bbox 114 625 1298 726; baseline 0.008 -28"><span class='ocrx_word' id='word_1_24' title='bbox 114 635 177 699; x_wconf 75' lang='grc' dir='ltr'><strong>τάν</strong></span> <span class='ocrx_word' id='word_1_25' title='bbox 199 635 382 718; x_wconf 82' lang='grc' dir='ltr'><strong><em>διαλαβεῖν,</em></strong></span> <span class='ocrx_word' id='word_1_26' title='bbox 401 625 445 711; x_wconf 73' lang='grc' dir='ltr'><strong>ὦς’</strong></span> <span class='ocrx_word' id='word_1_27' title='bbox 469 628 509 700; x_wconf 84' lang='grc' dir='ltr'><strong>άν</strong></span> <span class='ocrx_word' id='word_1_28' title='bbox 521 633 566 721; x_wconf 79' lang='grc' dir='ltr'><strong>μή</strong></span> <span class='ocrx_word' id='word_1_29' title='bbox 583 638 764 718; x_wconf 76' lang='grc' dir='ltr'><strong><em>λυμαίνοιτο</em></strong></span> <span class='ocrx_word' id='word_1_30' title='bbox 780 639 824 725; x_wconf 74' lang='grc' dir='ltr'><strong>τῷ</strong></span> <span class='ocrx_word' id='word_1_31' title='bbox 842 636 966 718; x_wconf 85' lang='grc' dir='ltr'><strong><em>σιάματι</em></strong></span> <span class='ocrx_word' id='word_1_32' title='bbox 985 638 1042 721; x_wconf 80' lang='grc' dir='ltr'><strong>τῆς</strong></span> <span class='ocrx_word' id='word_1_33' title='bbox 1059 633 1298 726; x_wconf 68' lang='grc' dir='ltr'><strong><em>ἱστορίαςλλυολ</em></strong></span> 
     </span>
     <span class='ocr_line' id='line_1_5' title="bbox 114 729 1203 823; baseline 0.004 -25"><span class='ocrx_word' id='word_1_34' title='bbox 114 731 134 816; x_wconf 84' lang='grc' dir='ltr'><strong><em>ή</em></strong></span> <span class='ocrx_word' id='word_1_35' title='bbox 154 735 218 798; x_wconf 77' lang='grc' dir='ltr'><strong>τῶν</strong></span> <span class='ocrx_word' id='word_1_36' title='bbox 241 732 418 800; x_wconf 79' lang='grc' dir='ltr'><strong><em>δοκούντων</em></strong></span> <span class='ocrx_word' id='word_1_37' title='bbox 434 737 527 801; x_wconf 77' lang='grc' dir='ltr'><strong><em>τινῶν</em></strong></span> <span class='ocrx_word' id='word_1_38' title='bbox 546 735 738 823; x_wconf 81' lang='grc' dir='ltr'><strong><em>παράλειψις</em></strong></span> <span class='ocrx_word' id='word_1_39' title='bbox 754 729 950 820; x_wconf 75' lang='grc' dir='ltr'><strong><em>ἀναγκαίαν.</em></strong></span> <span class='ocrx_word' id='word_1_40' title='bbox 969 732 1014 813; x_wconf 66' lang='grc' dir='ltr'><strong>οἷς</strong></span> <span class='ocrx_word' id='word_1_41' title='bbox 1031 734 1092 821; x_wconf 86' lang='grc' dir='ltr'><strong>γάρ</strong></span> <span class='ocrx_word' id='word_1_42' title='bbox 1110 736 1203 821; x_wconf 82' lang='grc' dir='ltr'><strong><em>ὄβα-</em></strong></span> 
     </span>
     <span class='ocr_line' id='line_1_6' title="bbox 95 830 1228 923; baseline 0 -23"><span class='ocrx_word' id='word_1_43' title='bbox 95 830 219 908; x_wconf 55' lang='lat' dir='ltr'><strong>sussen</strong></span> <span class='ocrx_word' id='word_1_44' title='bbox 245 831 444 919; x_wconf 74' lang='grc' dir='ltr'><strong><em>Ἀνδρόνικος</em></strong></span> <span class='ocrx_word' id='word_1_45' title='bbox 469 831 488 898; x_wconf 86' lang='grc' dir='ltr'><strong><em>δ</em></strong></span> <span class='ocrx_word' id='word_1_46' title='bbox 509 836 594 917; x_wconf 78' lang='grc' dir='ltr'><strong><em>νέος,</em></strong></span> <span class='ocrx_word' id='word_1_47' title='bbox 622 833 765 921; x_wconf 80' lang='grc' dir='ltr'><strong><em>καθάπερ</em></strong></span> <span class='ocrx_word' id='word_1_48' title='bbox 790 833 933 923; x_wconf 82' lang='grc' dir='ltr'><strong><em>ἔφθημεν</em></strong></span> <span class='ocrx_word' id='word_1_49' title='bbox 956 830 1111 917; x_wconf 78' lang='grc' dir='ltr'><strong><em>εἰπόντες,</em></strong></span> <span class='ocrx_word' id='word_1_50' title='bbox 1139 837 1228 921; x_wconf 64' lang='lat' dir='ltr'><strong>vicli</strong></span> 
     </span>
     <span class='ocr_line' id='line_1_7' title="bbox 113 930 1201 1020; baseline 0.003 -25"><span class='ocrx_word' id='word_1_51' title='bbox 113 933 276 1014; x_wconf 82' lang='grc' dir='ltr'><strong><em>βασιλείας</em></strong></span> <span class='ocrx_word' id='word_1_52' title='bbox 303 930 451 1019; x_wconf 80' lang='grc' dir='ltr'><strong><em>διενοήθη</em></strong></span> <span class='ocrx_word' id='word_1_53' title='bbox 476 935 625 1000; x_wconf 76' lang='grc' dir='ltr'><strong><em>κοινωνὸν</em></strong></span> <span class='ocrx_word' id='word_1_54' title='bbox 645 930 702 1000; x_wconf 80' lang='grc' dir='ltr'><strong>τὸν</strong></span> <span class='ocrx_word' id='word_1_55' title='bbox 724 935 826 1018; x_wconf 78' lang='grc' dir='ltr'><strong><em>μάγον</em></strong></span> <span class='ocrx_word' id='word_1_56' title='bbox 845 933 1029 1017; x_wconf 69' lang='grc' dir='ltr'><strong><em>δομδατικον</em></strong></span> <span class='ocrx_word' id='word_1_57' title='bbox 1053 939 1201 1020; x_wconf 83' lang='grc' dir='ltr'><strong><em>παραλα-</em></strong></span> 
     </span>
     <span class='ocr_line' id='line_1_8' title="bbox 113 1023 1201 1118; baseline 0.003 -23"><span class='ocrx_word' id='word_1_58' title='bbox 113 1033 180 1116; x_wconf 63' lang='lat' dir='ltr'><strong>dett</strong></span> <span class='ocrx_word' id='word_1_59' title='bbox 205 1033 262 1096; x_wconf 80' lang='grc' dir='ltr'><strong>καί</strong></span> <span class='ocrx_word' id='word_1_60' title='bbox 284 1031 328 1118; x_wconf 76' lang='grc' dir='ltr'><strong>τῷ</strong></span> <span class='ocrx_word' id='word_1_61' title='bbox 350 1033 406 1117; x_wconf 80' lang='grc' dir='ltr'><strong>τῆς</strong></span> <span class='ocrx_word' id='word_1_62' title='bbox 430 1028 617 1118; x_wconf 76' lang='grc' dir='ltr'><strong><em>ἁλουργίδας</em></strong></span> <span class='ocrx_word' id='word_1_63' title='bbox 647 1023 741 1098; x_wconf 79' lang='grc' dir='ltr'><strong><em>άνθει</em></strong></span> <span class='ocrx_word' id='word_1_64' title='bbox 769 1034 825 1098; x_wconf 84' lang='grc' dir='ltr'><strong>καί</strong></span> <span class='ocrx_word' id='word_1_65' title='bbox 843 1038 1021 1116; x_wconf 78' lang='grc' dir='ltr'><strong><em>βασιλικοῖς</em></strong></span> <span class='ocrx_word' id='word_1_66' title='bbox 1042 1035 1201 1118; x_wconf 75' lang='grc' dir='ltr'><strong><em>νωμῆσαι</em></strong></span> 
     </span>
     <span class='ocr_line' id='line_1_9' title="bbox 112 1126 1200 1222; baseline 0.006 -30"><span class='ocrx_word' id='word_1_67' title='bbox 112 1126 330 1216; x_wconf 69' lang='grc' dir='ltr'><strong><em>παρασήμοις,</em></strong></span> <span class='ocrx_word' id='word_1_68' title='bbox 350 1129 406 1196; x_wconf 79' lang='grc' dir='ltr'><strong>καί</strong></span> <span class='ocrx_word' id='word_1_69' title='bbox 424 1128 523 1196; x_wconf 86' lang='grc' dir='ltr'><strong><em>πολλά</em></strong></span> <span class='ocrx_word' id='word_1_70' title='bbox 543 1129 695 1210; x_wconf 76' lang='grc' dir='ltr'><strong>πολλάκις</strong></span> <span class='ocrx_word' id='word_1_71' title='bbox 715 1130 790 1218; x_wconf 85' lang='grc' dir='ltr'><strong><em>περί</em></strong></span> <span class='ocrx_word' id='word_1_72' title='bbox 810 1131 925 1198; x_wconf 76' lang='grc' dir='ltr'><strong><em>τούτου</em></strong></span> <span class='ocrx_word' id='word_1_73' title='bbox 946 1155 981 1216; x_wconf 84' lang='grc' dir='ltr'><strong>γε</strong></span> <span class='ocrx_word' id='word_1_74' title='bbox 1008 1132 1097 1222; x_wconf 61' lang='lat' dir='ltr'><strong>crispi</strong></span> <span class='ocrx_word' id='word_1_75' title='bbox 1126 1135 1200 1198; x_wconf 86' lang='grc' dir='ltr'><strong><em>δια-</em></strong></span> 
     </span>
     <span class='ocr_line' id='line_1_10' title="bbox 115 1224 1199 1319; baseline 0.004 -27"><span class='ocrx_word' id='word_1_76' title='bbox 115 1231 258 1314; x_wconf 74' lang='grc' dir='ltr'><strong><em>λεχθείς,</em></strong></span> <span class='ocrx_word' id='word_1_77' title='bbox 280 1228 374 1296; x_wconf 67' lang='grc' dir='ltr'><strong><em>οὐδὲν</em></strong></span> <span class='ocrx_word' id='word_1_78' title='bbox 393 1229 541 1317; x_wconf 86' lang='grc' dir='ltr'><strong><em>ήδυνήθη</em></strong></span> <span class='ocrx_word' id='word_1_79' title='bbox 560 1233 671 1315; x_wconf 76' lang='grc' dir='ltr'><strong><em>πλέον,</em></strong></span> <span class='ocrx_word' id='word_1_80' title='bbox 692 1224 762 1298; x_wconf 75' lang='grc' dir='ltr'><strong><em>ἀλλ’</em></strong></span> <span class='ocrx_word' id='word_1_81' title='bbox 785 1232 978 1316; x_wconf 69' lang='grc' dir='ltr'><strong><em>ἀμετάθετον</em></strong></span> <span class='ocrx_word' id='word_1_82' title='bbox 997 1230 1054 1319; x_wconf 79' lang='grc' dir='ltr'><strong>τήν</strong></span> <span class='ocrx_word' id='word_1_83' title='bbox 1072 1231 1199 1318; x_wconf 71' lang='grc' dir='ltr'><strong><em>γνώμην</em></strong></span> 
     </span>
     <span class='ocr_line' id='line_1_11' title="bbox 76 1321 1200 1420; baseline 0.002 -24"><span class='ocrx_word' id='word_1_84' title='bbox 76 1325 225 1410; x_wconf 80' lang='grc' dir='ltr'><strong><em>ιοὲχοντα</em></strong></span> <span class='ocrx_word' id='word_1_85' title='bbox 245 1321 330 1415; x_wconf 66' lang='lat' dir='ltr'><strong>impu</strong></span> <span class='ocrx_word' id='word_1_86' title='bbox 352 1327 432 1416; x_wconf 85' lang='grc' dir='ltr'><strong><em>πρὸς</em></strong></span> <span class='ocrx_word' id='word_1_87' title='bbox 450 1327 487 1395; x_wconf 78' lang='lat' dir='ltr'><strong>sd</strong></span> <span class='ocrx_word' id='word_1_88' title='bbox 508 1331 666 1417; x_wconf 83' lang='grc' dir='ltr'><strong><em>μηδέποτε</em></strong></span> <span class='ocrx_word' id='word_1_89' title='bbox 686 1331 774 1420; x_wconf 70' lang='grc' dir='ltr'><strong><em>αὐτῷ</em></strong></span> <span class='ocrx_word' id='word_1_90' title='bbox 793 1333 966 1398; x_wconf 72' lang='grc' dir='ltr'><strong><em>πεισθέντα</em></strong></span> <span class='ocrx_word' id='word_1_91' title='bbox 992 1328 1146 1419; x_wconf 79' lang='grc' dir='ltr'><strong><em>πράττειν</em></strong></span> <span class='ocrx_word' id='word_1_92' title='bbox 1175 1327 1200 1398; x_wconf 77' lang='grc' dir='ltr'><strong><em>ά</em></strong></span> 
     </span>
     <span class='ocr_line' id='line_1_12' title="bbox 111 1425 1198 1518; baseline 0.006 -26"><span class='ocrx_word' id='word_1_93' title='bbox 111 1427 221 1514; x_wconf 82' lang='grc' dir='ltr'><strong><em>ήξίαυ,</em></strong></span> <span class='ocrx_word' id='word_1_94' title='bbox 241 1425 361 1493; x_wconf 77' lang='grc' dir='ltr'><strong><em>ἐκείνου</em></strong></span> <span class='ocrx_word' id='word_1_95' title='bbox 381 1431 442 1510; x_wconf 79' lang='grc' dir='ltr'><strong>μὲν</strong></span> <span class='ocrx_word' id='word_1_96' title='bbox 461 1428 615 1512; x_wconf 76' lang='grc' dir='ltr'><strong>ἀπέσχετο</strong></span> <span class='ocrx_word' id='word_1_97' title='bbox 635 1433 692 1496; x_wconf 80' lang='grc' dir='ltr'><strong>καί</strong></span> <span class='ocrx_word' id='word_1_98' title='bbox 719 1427 831 1513; x_wconf 74' lang='lat' dir='ltr'><strong>odric,</strong></span> <span class='ocrx_word' id='word_1_99' title='bbox 860 1428 1027 1518; x_wconf 71' lang='grc' dir='ltr'><strong><em>ἀνηνύτοις</em></strong></span> <span class='ocrx_word' id='word_1_100' title='bbox 1056 1430 1198 1516; x_wconf 78' lang='grc' dir='ltr'><strong><em>οἰόμενος</em></strong></span> 
     </span>
     <span class='ocr_line' id='line_1_13' title="bbox 111 1522 1199 1620; baseline 0.005 -26"><span class='ocrx_word' id='word_1_101' title='bbox 111 1528 303 1613; x_wconf 75' lang='grc' dir='ltr'><strong><em>ἐπιχειρεῖν·</em></strong></span> <span class='ocrx_word' id='word_1_102' title='bbox 323 1522 456 1616; x_wconf 67' lang='grc' dir='ltr'><strong><em>ὕστερον</em></strong></span> <span class='ocrx_word' id='word_1_103' title='bbox 477 1531 513 1595; x_wconf 73' lang='grc' dir='ltr'><strong>δά</strong></span> <span class='ocrx_word' id='word_1_104' title='bbox 533 1526 571 1594; x_wconf 82' lang='lat' dir='ltr'><strong>os&#39;s</strong></span> <span class='ocrx_word' id='word_1_105' title='bbox 592 1532 697 1620; x_wconf 77' lang='grc' dir='ltr'><strong><em>πολλῷ</em></strong></span> <span class='ocrx_word' id='word_1_106' title='bbox 715 1533 758 1620; x_wconf 77' lang='grc' dir='ltr'><strong>τῷ</strong></span> <span class='ocrx_word' id='word_1_107' title='bbox 778 1530 896 1620; x_wconf 84' lang='grc' dir='ltr'><strong><em>πάππιρ</em></strong></span> <span class='ocrx_word' id='word_1_108' title='bbox 917 1530 973 1596; x_wconf 83' lang='grc' dir='ltr'><strong>ναί</strong></span> <span class='ocrx_word' id='word_1_109' title='bbox 991 1537 1121 1615; x_wconf 78' lang='grc' dir='ltr'><strong><em>βασιλεῖ</em></strong></span> <span class='ocrx_word' id='word_1_110' title='bbox 1135 1533 1199 1598; x_wconf 72' lang='lat' dir='ltr'><strong>ssd·</strong></span> 
     </span>
     <span class='ocr_line' id='line_1_14' title="bbox 111 1618 1199 1716; baseline 0.005 -25"><span class='ocrx_word' id='word_1_111' title='bbox 111 1649 171 1692; x_wconf 89' lang='grc' dir='ltr'><strong>σαν</strong></span> <span class='ocrx_word' id='word_1_112' title='bbox 196 1622 255 1712; x_wconf 88' lang='grc' dir='ltr'><strong>τήν</strong></span> <span class='ocrx_word' id='word_1_113' title='bbox 283 1618 385 1712; x_wconf 85' lang='grc' dir='ltr'><strong><em>άρχήν</em></strong></span> <span class='ocrx_word' id='word_1_114' title='bbox 412 1628 470 1694; x_wconf 78' lang='grc' dir='ltr'><strong><em>καί</em></strong></span> <span class='ocrx_word' id='word_1_115' title='bbox 493 1627 553 1714; x_wconf 84' lang='grc' dir='ltr'><strong>τήν</strong></span> <span class='ocrx_word' id='word_1_116' title='bbox 581 1627 733 1713; x_wconf 87' lang='grc' dir='ltr'><strong><em>διοίκησιν</em></strong></span> <span class='ocrx_word' id='word_1_117' title='bbox 759 1629 817 1714; x_wconf 81' lang='grc' dir='ltr'><strong>τῆς</strong></span> <span class='ocrx_word' id='word_1_118' title='bbox 845 1626 1013 1712; x_wconf 81' lang='grc' dir='ltr'><strong><em>Ῥωμαίων.</em></strong></span> <span class='ocrx_word' id='word_1_119' title='bbox 1028 1627 1199 1716; x_wconf 77' lang='grc' dir='ltr'><strong><em>ἡγεμονίας</em></strong></span> 
     </span>
     <span class='ocr_line' id='line_1_15' title="bbox 112 1719 1199 1815; baseline 0.006 -27"><span class='ocrx_word' id='word_1_120' title='bbox 112 1719 218 1811; x_wconf 70' lang='grc' dir='ltr'><strong><em>ὥσπερ</em></strong></span> <span class='ocrx_word' id='word_1_121' title='bbox 235 1721 451 1811; x_wconf 76' lang='grc' dir='ltr'><strong><em>καὶπρότερον</em></strong></span> <span class='ocrx_word' id='word_1_122' title='bbox 473 1728 819 1814; x_wconf 69' lang='grc' dir='ltr'><strong><em>παράσιηὲγχειρίσαι.</em></strong></span> <span class='ocrx_word' id='word_1_123' title='bbox 841 1721 926 1793; x_wconf 76' lang='grc' dir='ltr'><strong><em>σάτον</em></strong></span> <span class='ocrx_word' id='word_1_124' title='bbox 942 1727 981 1812; x_wconf 86' lang='grc' dir='ltr'><strong>δή</strong></span> <span class='ocrx_word' id='word_1_125' title='bbox 998 1731 1199 1815; x_wconf 75' lang='grc' dir='ltr'><strong><em>διανοηθέντι</em></strong></span> 
     </span>
     <span class='ocr_line' id='line_1_16' title="bbox 81 1820 1202 1918; baseline 0 -26"><span class='ocrx_word' id='word_1_126' title='bbox 81 1820 303 1896; x_wconf 65' lang='lat' dir='ltr'><strong>istrienses</strong></span> <span class='ocrx_word' id='word_1_127' title='bbox 324 1821 473 1910; x_wconf 76' lang='grc' dir='ltr'><strong><em>προάγειν</em></strong></span> <span class='ocrx_word' id='word_1_128' title='bbox 493 1828 548 1892; x_wconf 80' lang='grc' dir='ltr'><strong>ναί</strong></span> <span class='ocrx_word' id='word_1_129' title='bbox 567 1827 613 1902; x_wconf 82' lang='grc' dir='ltr'><strong>εἰς</strong></span> <span class='ocrx_word' id='word_1_130' title='bbox 633 1823 743 1912; x_wconf 80' lang='grc' dir='ltr'><strong><em>ἔργον,</em></strong></span> <span class='ocrx_word' id='word_1_131' title='bbox 765 1829 885 1916; x_wconf 73' lang='lat' dir='ltr'><strong>scirpi</strong></span> <span class='ocrx_word' id='word_1_132' title='bbox 904 1823 1032 1918; x_wconf 77' lang='grc' dir='ltr'><strong><em>μεγάλην</em></strong></span> <span class='ocrx_word' id='word_1_133' title='bbox 1055 1829 1202 1910; x_wconf 82' lang='grc' dir='ltr'><strong><em>δομιστί-</em></strong></span> 
     </span>
     <span class='ocr_line' id='line_1_17' title="bbox 112 1920 1198 2014; baseline 0.004 -26"><span class='ocrx_word' id='word_1_134' title='bbox 112 1947 154 2013; x_wconf 79' lang='grc' dir='ltr'><strong>κιρ</strong></span> <span class='ocrx_word' id='word_1_135' title='bbox 173 1920 393 1990; x_wconf 59' lang='lat' dir='ltr'><strong>narsetem&amp;</strong></span> <span class='ocrx_word' id='word_1_136' title='bbox 415 1927 469 2010; x_wconf 78' lang='grc' dir='ltr'><strong>τῆς</strong></span> <span class='ocrx_word' id='word_1_137' title='bbox 488 1921 628 2010; x_wconf 88' lang='grc' dir='ltr'><strong><em>γνάμης,</em></strong></span> <span class='ocrx_word' id='word_1_138' title='bbox 648 1923 693 2002; x_wconf 83' lang='grc' dir='ltr'><strong>άς</strong></span> <span class='ocrx_word' id='word_1_139' title='bbox 713 1927 743 1992; x_wconf 83' lang='grc' dir='ltr'><strong>εἰ</strong></span> <span class='ocrx_word' id='word_1_140' title='bbox 760 1925 937 2012; x_wconf 82' lang='grc' dir='ltr'><strong><em>λυσιτελοιή</em></strong></span> <span class='ocrx_word' id='word_1_141' title='bbox 958 1926 1198 2014; x_wconf 76' lang='grc' dir='ltr'><strong><em>καταπραξάμε-</em></strong></span> 
     </span>
     <span class='ocr_line' id='line_1_18' title="bbox 110 2016 1229 2112; baseline 0.002 -24"><span class='ocrx_word' id='word_1_142' title='bbox 110 2043 172 2098; x_wconf 87' lang='grc' dir='ltr'><strong><em>νος.</em></strong></span> <span class='ocrx_word' id='word_1_143' title='bbox 194 2023 239 2110; x_wconf 80' lang='grc' dir='ltr'><strong>τῷ</strong></span> <span class='ocrx_word' id='word_1_144' title='bbox 265 2023 296 2086; x_wconf 86' lang='grc' dir='ltr'><strong>δ’</strong></span> <span class='ocrx_word' id='word_1_145' title='bbox 323 2016 423 2099; x_wconf 79' lang='grc' dir='ltr'><strong><em>εάθύς</em></strong></span> <span class='ocrx_word' id='word_1_146' title='bbox 447 2025 508 2106; x_wconf 75' lang='grc' dir='ltr'><strong>μὲν</strong></span> <span class='ocrx_word' id='word_1_147' title='bbox 534 2022 639 2090; x_wconf 74' lang='grc' dir='ltr'><strong><em>ἐδόκει</em></strong></span> <span class='ocrx_word' id='word_1_148' title='bbox 668 2033 780 2112; x_wconf 75' lang='grc' dir='ltr'><strong><em>πεῖραν</em></strong></span> <span class='ocrx_word' id='word_1_149' title='bbox 809 2025 908 2092; x_wconf 68' lang='grc' dir='ltr'><strong><em>αὐτοῦ</em></strong></span> <span class='ocrx_word' id='word_1_150' title='bbox 928 2027 1091 2092; x_wconf 74' lang='grc' dir='ltr'><strong><em>ποιεῖσθαι</em></strong></span> <span class='ocrx_word' id='word_1_151' title='bbox 1107 2029 1229 2110; x_wconf 57' lang='lat' dir='ltr'><strong>duone</strong></span> 
     </span>
     <span class='ocr_line' id='line_1_19' title="bbox 12 2115 1201 2216; baseline 0.002 -28"><span class='ocrx_word' id='word_1_152' title='bbox 12 2204 15 2216; x_wconf 28' lang='grc' dir='ltr'><strong><em>ι</em></strong></span> <span class='ocrx_word' id='word_1_153' title='bbox 109 2124 188 2204; x_wconf 73' lang='lat' dir='ltr'><strong>iio,</strong></span> <span class='ocrx_word' id='word_1_154' title='bbox 218 2121 362 2204; x_wconf 83' lang='grc' dir='ltr'><strong><em>οἰόμενον</em></strong></span> <span class='ocrx_word' id='word_1_155' title='bbox 392 2121 436 2200; x_wconf 71' lang='lat' dir='ltr'><strong>uic</strong></span> <span class='ocrx_word' id='word_1_156' title='bbox 467 2115 506 2190; x_wconf 82' lang='grc' dir='ltr'><strong>άν</strong></span> <span class='ocrx_word' id='word_1_157' title='bbox 534 2126 668 2190; x_wconf 80' lang='grc' dir='ltr'><strong><em>τοιαῦτα</em></strong></span> <span class='ocrx_word' id='word_1_158' title='bbox 696 2125 772 2211; x_wconf 79' lang='grc' dir='ltr'><strong><em>περὶ</em></strong></span> <span class='ocrx_word' id='word_1_159' title='bbox 798 2125 956 2208; x_wconf 78' lang='grc' dir='ltr'><strong><em>βασιλέως</em></strong></span> <span class='ocrx_word' id='word_1_160' title='bbox 983 2127 1041 2190; x_wconf 82' lang='grc' dir='ltr'><strong>τοῦ</strong></span> <span class='ocrx_word' id='word_1_161' title='bbox 1069 2122 1201 2190; x_wconf 87' lang='grc' dir='ltr'><strong><em>πάππου</em></strong></span> 
     </span>
     <span class='ocr_line' id='line_1_20' title="bbox 109 2218 1203 2312; baseline 0.002 -26"><span class='ocrx_word' id='word_1_162' title='bbox 109 2219 253 2306; x_wconf 79' lang='grc' dir='ltr'><strong><em>πύθηται</em></strong></span> <span class='ocrx_word' id='word_1_163' title='bbox 271 2219 483 2306; x_wconf 88' lang='grc' dir='ltr'><strong><em>βουλόμενον,</em></strong></span> <span class='ocrx_word' id='word_1_164' title='bbox 503 2221 622 2312; x_wconf 73' lang='grc' dir='ltr'><strong><em>ῥηιδίως</em></strong></span> <span class='ocrx_word' id='word_1_165' title='bbox 643 2221 764 2305; x_wconf 78' lang='grc' dir='ltr'><strong><em>άποίξει</em></strong></span> <span class='ocrx_word' id='word_1_166' title='bbox 783 2222 864 2312; x_wconf 82' lang='grc' dir='ltr'><strong><em>πρὸς</em></strong></span> <span class='ocrx_word' id='word_1_167' title='bbox 880 2225 917 2289; x_wconf 83' lang='grc' dir='ltr'><strong>τὸ</strong></span> <span class='ocrx_word' id='word_1_168' title='bbox 935 2220 990 2289; x_wconf 74' lang='grc' dir='ltr'><strong>ὕπ’</strong></span> <span class='ocrx_word' id='word_1_169' title='bbox 1018 2218 1121 2290; x_wconf 69' lang='grc' dir='ltr'><strong><em>αὐτοῦ</em></strong></span> <span class='ocrx_word' id='word_1_170' title='bbox 1150 2246 1203 2309; x_wconf 84' lang='grc' dir='ltr'><strong>γε-</strong></span> 
     </span>
     <span class='ocr_line' id='line_1_21' title="bbox 62 2317 1200 2412; baseline 0.002 -26"><span class='ocrx_word' id='word_1_171' title='bbox 62 2323 226 2398; x_wconf 71' lang='grc' dir='ltr'><strong><em>,ςονάσθαι</em></strong></span> <span class='ocrx_word' id='word_1_172' title='bbox 245 2321 413 2406; x_wconf 72' lang='grc' dir='ltr'><strong><em>βασιλεὺς,</em></strong></span> <span class='ocrx_word' id='word_1_173' title='bbox 433 2317 511 2409; x_wconf 79' lang='grc' dir='ltr'><strong><em>ὅπερ</em></strong></span> <span class='ocrx_word' id='word_1_174' title='bbox 533 2324 722 2406; x_wconf 82' lang='grc' dir='ltr'><strong><em>α’νεβάλλετο</em></strong></span> <span class='ocrx_word' id='word_1_175' title='bbox 741 2327 816 2412; x_wconf 80' lang='grc' dir='ltr'><strong><em>πρίν</em></strong></span> <span class='ocrx_word' id='word_1_176' title='bbox 827 2371 839 2407; x_wconf 90' lang='grc'><strong><em>,</em></strong></span> <span class='ocrx_word' id='word_1_177' title='bbox 868 2325 925 2391; x_wconf 80' lang='grc' dir='ltr'><strong>καί</strong></span> <span class='ocrx_word' id='word_1_178' title='bbox 943 2321 1059 2410; x_wconf 75' lang='grc' dir='ltr'><strong><em>ἐδήλου</em></strong></span> <span class='ocrx_word' id='word_1_179' title='bbox 1080 2321 1104 2389; x_wconf 78' lang='grc' dir='ltr'><strong><em>δ</em></strong></span> <span class='ocrx_word' id='word_1_180' title='bbox 1124 2323 1200 2389; x_wconf 77' lang='grc' dir='ltr'><strong><em>άπε-</em></strong></span> 
     </span>
     <span class='ocr_line' id='line_1_22' title="bbox 108 2415 1203 2510; baseline -0.003 -22"><span class='ocrx_word' id='word_1_181' title='bbox 108 2415 178 2488; x_wconf 85' lang='grc' dir='ltr'><strong><em>νάει</em></strong></span> <span class='ocrx_word' id='word_1_182' title='bbox 203 2425 337 2505; x_wconf 82' lang='grc' dir='ltr'><strong><em>βασιλεῖ.</em></strong></span> <span class='ocrx_word' id='word_1_183' title='bbox 378 2417 422 2498; x_wconf 65' lang='grc' dir='ltr'><strong>οἷς</strong></span> <span class='ocrx_word' id='word_1_184' title='bbox 448 2422 485 2487; x_wconf 79' lang='grc' dir='ltr'><strong>δὲ</strong></span> <span class='ocrx_word' id='word_1_185' title='bbox 510 2424 626 2500; x_wconf 79' lang='grc' dir='ltr'><strong><em>ἐκεῖνος</em></strong></span> <span class='ocrx_word' id='word_1_186' title='bbox 651 2425 795 2489; x_wconf 82' lang='grc' dir='ltr'><strong><em>τοιοῦτον</em></strong></span> <span class='ocrx_word' id='word_1_187' title='bbox 812 2425 872 2507; x_wconf 70' lang='grc' dir='ltr'><strong><em>μὲν</em></strong></span> <span class='ocrx_word' id='word_1_188' title='bbox 899 2421 1018 2510; x_wconf 80' lang='grc' dir='ltr'><strong><em>ἔφασκε</em></strong></span> <span class='ocrx_word' id='word_1_189' title='bbox 1039 2421 1203 2507; x_wconf 84' lang='grc' dir='ltr'><strong><em>διανενοῆ-</em></strong></span> 
     </span>
     <span class='ocr_line' id='line_1_23' title="bbox 108 2517 1204 2609; baseline -0.001 -23"><span class='ocrx_word' id='word_1_190' title='bbox 108 2523 189 2586; x_wconf 84' lang='grc' dir='ltr'><strong><em>σθαι</em></strong></span> <span class='ocrx_word' id='word_1_191' title='bbox 210 2522 328 2606; x_wconf 85' lang='grc' dir='ltr'><strong><em>μηδὲν,</em></strong></span> <span class='ocrx_word' id='word_1_192' title='bbox 359 2519 467 2597; x_wconf 78' lang='grc' dir='ltr'><strong><em>άπλαῑς</em></strong></span> <span class='ocrx_word' id='word_1_193' title='bbox 496 2521 527 2586; x_wconf 88' lang='grc' dir='ltr'><strong>δ’</strong></span> <span class='ocrx_word' id='word_1_194' title='bbox 559 2517 678 2590; x_wconf 76' lang='grc' dir='ltr'><strong><em>οὑτωσί</em></strong></span> <span class='ocrx_word' id='word_1_195' title='bbox 697 2523 754 2589; x_wconf 81' lang='grc' dir='ltr'><strong>καί</strong></span> <span class='ocrx_word' id='word_1_196' title='bbox 781 2523 975 2609; x_wconf 83' lang='grc' dir='ltr'><strong><em>πανουργίας</em></strong></span> <span class='ocrx_word' id='word_1_197' title='bbox 995 2520 1082 2598; x_wconf 78' lang='grc' dir='ltr'><strong><em>τινὸς</em></strong></span> <span class='ocrx_word' id='word_1_198' title='bbox 1100 2521 1204 2606; x_wconf 79' lang='grc' dir='ltr'><strong><em>χαράς</em></strong></span> 
     </span>
     <span class='ocr_line' id='line_1_24' title="bbox 109 2616 1205 2711; baseline -0.001 -25"><span class='ocrx_word' id='word_1_199' title='bbox 109 2616 209 2686; x_wconf 72' lang='lat' dir='ltr'><strong>nativ</strong></span> <span class='ocrx_word' id='word_1_200' title='bbox 240 2645 273 2686; x_wconf 90' lang='grc' dir='ltr'><strong>τε</strong></span> <span class='ocrx_word' id='word_1_201' title='bbox 299 2618 425 2686; x_wconf 81' lang='grc' dir='ltr'><strong><em>οἴεσθαι</em></strong></span> <span class='ocrx_word' id='word_1_202' title='bbox 451 2623 507 2686; x_wconf 82' lang='grc' dir='ltr'><strong>καί</strong></span> <span class='ocrx_word' id='word_1_203' title='bbox 532 2622 708 2705; x_wconf 75' lang='grc' dir='ltr'><strong><em>βούλεσθαι</em></strong></span> <span class='ocrx_word' id='word_1_204' title='bbox 730 2621 888 2711; x_wconf 78' lang='grc' dir='ltr'><strong><em>’προάγειν</em></strong></span> <span class='ocrx_word' id='word_1_205' title='bbox 917 2625 974 2687; x_wconf 75' lang='grc' dir='ltr'><strong>καί</strong></span> <span class='ocrx_word' id='word_1_206' title='bbox 990 2622 1036 2699; x_wconf 78' lang='grc' dir='ltr'><strong>τίς</strong></span> <span class='ocrx_word' id='word_1_207' title='bbox 1053 2619 1164 2708; x_wconf 76' lang='grc' dir='ltr'><strong><em>ἔργον,</em></strong></span> <span class='ocrx_word' id='word_1_208' title='bbox 1185 2619 1205 2686; x_wconf 83' lang='grc' dir='ltr'><strong><em>δ</em></strong></span> 
     </span>
     <span class='ocr_line' id='line_1_25' title="bbox 108 2715 1203 2809; baseline -0.002 -21"><span class='ocrx_word' id='word_1_209' title='bbox 108 2724 213 2808; x_wconf 67' lang='grc' dir='ltr'><strong><em>μάγος</em></strong></span> <span class='ocrx_word' id='word_1_210' title='bbox 232 2721 413 2807; x_wconf 78' lang='grc' dir='ltr'><strong><em>δομίστικος</em></strong></span> <span class='ocrx_word' id='word_1_211' title='bbox 433 2720 620 2806; x_wconf 80' lang='grc' dir='ltr'><strong><em>δπολαβάν·</em></strong></span> <span class='ocrx_word' id='word_1_212' title='bbox 647 2717 740 2809; x_wconf 70' lang='grc' dir='ltr'><strong><em>,ἀλλ’</em></strong></span> <span class='ocrx_word' id='word_1_213' title='bbox 768 2721 894 2808; x_wconf 58' lang='lat' dir='ltr'><strong>ipone*</strong></span> <span class='ocrx_word' id='word_1_214' title='bbox 915 2717 1002 2789; x_wconf 78' lang='grc' dir='ltr'><strong><em>εἶπεν</em></strong></span> <span class='ocrx_word' id='word_1_215' title='bbox 1021 2717 1102 2807; x_wconf 87' lang='grc' dir='ltr'><strong><em>,,ουίι</em></strong></span> <span class='ocrx_word' id='word_1_216' title='bbox 1122 2715 1203 2806; x_wconf 87' lang='grc' dir='ltr'><strong><em>άγα-</em></strong></span> 
     </span>
    </p>
   </div>
   <div class='ocr_carea' id='block_1_3' title="bbox 6 2923 1210 4274">
    <p class='ocr_par' dir='ltr' id='par_1_3' title="bbox 187 2923 1203 2998">
     <span class='ocr_line' id='line_1_26' title="bbox 187 2923 1203 2998; baseline -0.002 -18"><span class='ocrx_word' id='word_1_217' title='bbox 187 2943 228 2998; x_wconf 82' lang='lat'><strong>¹9·</strong></span> <span class='ocrx_word' id='word_1_218' title='bbox 263 2926 298 2980; x_wconf 85' lang='lat' dir='ltr'><strong>Et</strong></span> <span class='ocrx_word' id='word_1_219' title='bbox 315 2927 445 2998; x_wconf 86' lang='lat' dir='ltr'><strong>qnoniam</strong></span> <span class='ocrx_word' id='word_1_220' title='bbox 465 2941 559 2978; x_wconf 89' lang='lat' dir='ltr'><strong>eorum</strong></span> <span class='ocrx_word' id='word_1_221' title='bbox 577 2923 681 2979; x_wconf 89' lang='lat' dir='ltr'><strong>mentio</strong></span> <span class='ocrx_word' id='word_1_222' title='bbox 699 2925 772 2978; x_wconf 86' lang='lat' dir='ltr'><strong>iacta</strong></span> <span class='ocrx_word' id='word_1_223' title='bbox 790 2932 846 2992; x_wconf 87' lang='lat' dir='ltr'><strong>est,</strong></span> <span class='ocrx_word' id='word_1_224' title='bbox 873 2925 993 2998; x_wconf 80' lang='lat' dir='ltr'><strong>qnaeris</strong></span> <span class='ocrx_word' id='word_1_225' title='bbox 1011 2942 1061 2980; x_wconf 83' lang='lat' dir='ltr'><strong>aro</strong></span> <span class='ocrx_word' id='word_1_226' title='bbox 1081 2927 1203 2996; x_wconf 83' lang='lat' dir='ltr'><strong>impera-</strong></span> 
     </span>
    </p>

    <p class='ocr_par' dir='ltr' id='par_1_4' title="bbox 6 2997 1210 4274">
     <span class='ocr_line' id='line_1_27' title="bbox 111 2997 1202 3068; baseline -0.001 -16"><span class='ocrx_word' id='word_1_227' title='bbox 111 3005 158 3052; x_wconf 92' lang='lat' dir='ltr'><strong>tor</strong></span> <span class='ocrx_word' id='word_1_228' title='bbox 176 3005 270 3050; x_wconf 90' lang='lat' dir='ltr'><strong>mente</strong></span> <span class='ocrx_word' id='word_1_229' title='bbox 287 2999 445 3061; x_wconf 82' lang='lat' dir='ltr'><strong>volutasset,</strong></span> <span class='ocrx_word' id='word_1_230' title='bbox 466 3013 508 3049; x_wconf 86' lang='lat' dir='ltr'><strong>res</strong></span> <span class='ocrx_word' id='word_1_231' title='bbox 526 2997 625 3068; x_wconf 85' lang='lat' dir='ltr'><strong>poscit,</strong></span> <span class='ocrx_word' id='word_1_232' title='bbox 647 3004 678 3048; x_wconf 90' lang='lat' dir='ltr'><strong>ut</strong></span> <span class='ocrx_word' id='word_1_233' title='bbox 695 3013 781 3066; x_wconf 84' lang='lat' dir='ltr'><strong>penca</strong></span> <span class='ocrx_word' id='word_1_234' title='bbox 800 2997 834 3048; x_wconf 94' lang='lat' dir='ltr'><strong>de</strong></span> <span class='ocrx_word' id='word_1_235' title='bbox 853 2998 888 3049; x_wconf 91' lang='lat' dir='ltr'><strong>iis</strong></span> <span class='ocrx_word' id='word_1_236' title='bbox 906 2999 1052 3067; x_wconf 83' lang='lat' dir='ltr'><strong>separatim</strong></span> <span class='ocrx_word' id='word_1_237' title='bbox 1070 2997 1202 3051; x_wconf 80' lang='lat' dir='ltr'><strong>dicamus:</strong></span> 
     </span>
     <span class='ocr_line' id='line_1_28' title="bbox 106 3066 1203 3140; baseline -0.006 -16"><span class='ocrx_word' id='word_1_238' title='bbox 106 3077 150 3124; x_wconf 82' lang='lat' dir='ltr'><strong>rie</strong></span> <span class='ocrx_word' id='word_1_239' title='bbox 167 3070 255 3122; x_wconf 89' lang='lat' dir='ltr'><strong>totius</strong></span> <span class='ocrx_word' id='word_1_240' title='bbox 271 3067 401 3122; x_wconf 83' lang='lat' dir='ltr'><strong>historiae</strong></span> <span class='ocrx_word' id='word_1_241' title='bbox 421 3083 519 3138; x_wconf 84' lang='lat' dir='ltr'><strong>eorpus</strong></span> <span class='ocrx_word' id='word_1_242' title='bbox 536 3067 665 3120; x_wconf 82' lang='lat' dir='ltr'><strong>vitiosum</strong></span> <span class='ocrx_word' id='word_1_243' title='bbox 683 3083 715 3119; x_wconf 85' lang='lat' dir='ltr'><strong>sc</strong></span> <span class='ocrx_word' id='word_1_244' title='bbox 738 3068 868 3120; x_wconf 89' lang='lat' dir='ltr'><strong>mutilum</strong></span> <span class='ocrx_word' id='word_1_245' title='bbox 891 3067 989 3121; x_wconf 88' lang='lat' dir='ltr'><strong>reddat</strong></span> <span class='ocrx_word' id='word_1_246' title='bbox 1006 3066 1203 3140; x_wconf 89' lang='lat' dir='ltr'><strong>quorumdam,</strong></span> 
     </span>
     <span class='ocr_line' id='line_1_29' title="bbox 110 3131 1204 3211; baseline -0.004 -17"><span class='ocrx_word' id='word_1_247' title='bbox 110 3150 146 3195; x_wconf 84' lang='lat' dir='ltr'><strong>nt</strong></span> <span class='ocrx_word' id='word_1_248' title='bbox 164 3139 290 3202; x_wconf 80' lang='lat' dir='ltr'><strong>videtur,</strong></span> <span class='ocrx_word' id='word_1_249' title='bbox 306 3131 517 3193; x_wconf 73' lang='lat' dir='ltr'><strong>necessariorum</strong></span> <span class='ocrx_word' id='word_1_250' title='bbox 525 3137 736 3211; x_wconf 85' lang='lat' dir='ltr'><strong>praetermissio.</strong></span> <span class='ocrx_word' id='word_1_251' title='bbox 771 3139 964 3210; x_wconf 74' lang='lat' dir='ltr'><strong>Posteaquam,</strong></span> <span class='ocrx_word' id='word_1_252' title='bbox 981 3147 1013 3191; x_wconf 90' lang='lat' dir='ltr'><strong>ut</strong></span> <span class='ocrx_word' id='word_1_253' title='bbox 1031 3155 1112 3210; x_wconf 81' lang='lat' dir='ltr'><strong>snpra</strong></span> <span class='ocrx_word' id='word_1_254' title='bbox 1130 3153 1204 3190; x_wconf 88' lang='lat' dir='ltr'><strong>com·</strong></span> 
     </span>
     <span class='ocr_line' id='line_1_30' title="bbox 112 3209 1203 3280; baseline -0.003 -15"><span class='ocrx_word' id='word_1_255' title='bbox 112 3212 340 3276; x_wconf 72' lang='lat' dir='ltr'><strong>memoravimus,</strong></span> <span class='ocrx_word' id='word_1_256' title='bbox 359 3224 485 3280; x_wconf 79' lang='lat' dir='ltr'><strong>magnam</strong></span> <span class='ocrx_word' id='word_1_257' title='bbox 502 3209 679 3262; x_wconf 85' lang='lat' dir='ltr'><strong>domesticum</strong></span> <span class='ocrx_word' id='word_1_258' title='bbox 698 3209 808 3278; x_wconf 87' lang='lat' dir='ltr'><strong>imperii</strong></span> <span class='ocrx_word' id='word_1_259' title='bbox 826 3218 978 3263; x_wconf 73' lang='lat' dir='ltr'><strong>consortem</strong></span> <span class='ocrx_word' id='word_1_260' title='bbox 995 3209 1050 3263; x_wconf 90' lang='lat' dir='ltr'><strong>sibi</strong></span> <span class='ocrx_word' id='word_1_261' title='bbox 1069 3209 1203 3279; x_wconf 78' lang='lat' dir='ltr'><strong>adiunge-</strong></span> 
     </span>
     <span class='ocr_line' id='line_1_31' title="bbox 111 3279 1204 3354; baseline -0.004 -18"><span class='ocrx_word' id='word_1_262' title='bbox 111 3299 163 3346; x_wconf 84' lang='lat' dir='ltr'><strong>re,</strong></span> <span class='ocrx_word' id='word_1_263' title='bbox 194 3297 312 3354; x_wconf 86' lang='lat' dir='ltr'><strong>eumque</strong></span> <span class='ocrx_word' id='word_1_264' title='bbox 337 3297 373 3352; x_wconf 91' lang='lat' dir='ltr'><strong>pu</strong></span> <span class='ocrx_word' id='word_1_265' title='bbox 408 3298 457 3334; x_wconf 85' lang='lat' dir='ltr'><strong>nra</strong></span> <span class='ocrx_word' id='word_1_266' title='bbox 479 3285 509 3333; x_wconf 91' lang='lat' dir='ltr'><strong>et</strong></span> <span class='ocrx_word' id='word_1_267' title='bbox 525 3279 708 3350; x_wconf 63' lang='lat' dir='ltr'><strong>imperatoriis</strong></span> <span class='ocrx_word' id='word_1_268' title='bbox 734 3293 831 3332; x_wconf 87' lang='lat' dir='ltr'><strong>ornare</strong></span> <span class='ocrx_word' id='word_1_269' title='bbox 857 3280 1010 3350; x_wconf 77' lang='lat' dir='ltr'><strong>insignibus</strong></span> <span class='ocrx_word' id='word_1_270' title='bbox 1035 3279 1204 3343; x_wconf 84' lang='lat' dir='ltr'><strong>meditatus,</strong></span> 
     </span>
     <span class='ocr_line' id='line_1_32' title="bbox 110 3349 1204 3420; baseline -0.004 -14"><span class='ocrx_word' id='word_1_271' title='bbox 110 3351 238 3406; x_wconf 86' lang='lat' dir='ltr'><strong>crebrius</strong></span> <span class='ocrx_word' id='word_1_272' title='bbox 262 3359 291 3406; x_wconf 87' lang='lat' dir='ltr'><strong>et</strong></span> <span class='ocrx_word' id='word_1_273' title='bbox 333 3353 385 3404; x_wconf 86' lang='lat' dir='ltr'><strong>iuri</strong></span> <span class='ocrx_word' id='word_1_274' title='bbox 408 3369 439 3414; x_wconf 72' lang='lat' dir='ltr'><strong>up</strong></span> <span class='ocrx_word' id='word_1_275' title='bbox 465 3367 527 3403; x_wconf 86' lang='lat' dir='ltr'><strong>cnm</strong></span> <span class='ocrx_word' id='word_1_276' title='bbox 555 3365 587 3403; x_wconf 91' lang='lat' dir='ltr'><strong>eo</strong></span> <span class='ocrx_word' id='word_1_277' title='bbox 606 3365 687 3420; x_wconf 79' lang='lat' dir='ltr'><strong>agens</strong></span> <span class='ocrx_word' id='word_1_278' title='bbox 704 3349 778 3403; x_wconf 88' lang='lat' dir='ltr'><strong>nibil</strong></span> <span class='ocrx_word' id='word_1_279' title='bbox 796 3349 936 3414; x_wconf 76' lang='lat' dir='ltr'><strong>obtinuit,</strong></span> <span class='ocrx_word' id='word_1_280' title='bbox 964 3357 993 3403; x_wconf 84' lang='lat' dir='ltr'><strong>et</strong></span> <span class='ocrx_word' id='word_1_281' title='bbox 1012 3352 1042 3402; x_wconf 88' lang='lat' dir='ltr'><strong>in</strong></span> <span class='ocrx_word' id='word_1_282' title='bbox 1060 3351 1204 3405; x_wconf 80' lang='lat' dir='ltr'><strong>voluntate</strong></span> 
     </span>
     <span class='ocr_line' id='line_1_33' title="bbox 110 3367 1205 3496; baseline -0.004 -19"><span class='ocrx_word' id='word_1_283' title='bbox 110 3439 257 3496; x_wconf 84' lang='lat' dir='ltr'><strong>nunquam</strong></span> <span class='ocrx_word' id='word_1_284' title='bbox 273 3367 390 3476; x_wconf 65' lang='lat' dir='ltr'><strong>cedendi</strong></span> <span class='ocrx_word' id='word_1_285' title='bbox 404 3423 456 3476; x_wconf 80' lang='lat' dir='ltr'><strong>bac</strong></span> <span class='ocrx_word' id='word_1_286' title='bbox 473 3423 502 3476; x_wconf 87' lang='lat' dir='ltr'><strong>in</strong></span> <span class='ocrx_word' id='word_1_287' title='bbox 520 3429 597 3493; x_wconf 82' lang='lat' dir='ltr'><strong>parte</strong></span> <span class='ocrx_word' id='word_1_288' title='bbox 606 3420 770 3474; x_wconf 85' lang='lat' dir='ltr'><strong>obduruisse</strong></span> <span class='ocrx_word' id='word_1_289' title='bbox 786 3419 875 3486; x_wconf 80' lang='lat' dir='ltr'><strong>vidit,</strong></span> <span class='ocrx_word' id='word_1_290' title='bbox 892 3437 929 3473; x_wconf 88' lang='lat' dir='ltr'><strong>ue</strong></span> <span class='ocrx_word' id='word_1_291' title='bbox 946 3429 1040 3474; x_wconf 85' lang='lat' dir='ltr'><strong>contra</strong></span> <span class='ocrx_word' id='word_1_292' title='bbox 1054 3427 1205 3474; x_wconf 79' lang='lat' dir='ltr'><strong>torrentem</strong></span> 
     </span>
     <span class='ocr_line' id='line_1_34' title="bbox 109 3489 1206 3564; baseline -0.002 -16"><span class='ocrx_word' id='word_1_293' title='bbox 109 3497 269 3556; x_wconf 87' lang='lat' dir='ltr'><strong>niteretur,</strong></span> <span class='ocrx_word' id='word_1_294' title='bbox 300 3509 395 3564; x_wconf 72' lang='lat' dir='ltr'><strong>urgere</strong></span> <span class='ocrx_word' id='word_1_295' title='bbox 412 3509 469 3545; x_wconf 92' lang='lat' dir='ltr'><strong>non</strong></span> <span class='ocrx_word' id='word_1_296' title='bbox 495 3492 622 3562; x_wconf 79' lang='lat' dir='ltr'><strong>perrexit</strong></span> <span class='ocrx_word' id='word_1_297' title='bbox 666 3489 728 3544; x_wconf 86' lang='lat' dir='ltr'><strong>Non</strong></span> <span class='ocrx_word' id='word_1_298' title='bbox 747 3490 796 3543; x_wconf 86' lang='lat' dir='ltr'><strong>diu</strong></span> <span class='ocrx_word' id='word_1_299' title='bbox 819 3501 882 3561; x_wconf 88' lang='lat' dir='ltr'><strong>post</strong></span> <span class='ocrx_word' id='word_1_300' title='bbox 899 3499 987 3546; x_wconf 87' lang='lat' dir='ltr'><strong>toturn</strong></span> <span class='ocrx_word' id='word_1_301' title='bbox 1003 3493 1151 3562; x_wconf 88' lang='lat' dir='ltr'><strong>imperium</strong></span> <span class='ocrx_word' id='word_1_302' title='bbox 1176 3499 1206 3546; x_wconf 88' lang='lat' dir='ltr'><strong>et</strong></span> 
     </span>
     <span class='ocr_line' id='line_1_35' title="bbox 112 3563 1206 3632; baseline -0.001 -15"><span class='ocrx_word' id='word_1_303' title='bbox 112 3565 382 3618; x_wconf 76' lang='lat' dir='ltr'><strong>administrationem</strong></span> <span class='ocrx_word' id='word_1_304' title='bbox 399 3565 512 3616; x_wconf 85' lang='lat' dir='ltr'><strong>Romani</strong></span> <span class='ocrx_word' id='word_1_305' title='bbox 531 3563 711 3632; x_wconf 81' lang='lat' dir='ltr'><strong>principatus,</strong></span> <span class='ocrx_word' id='word_1_306' title='bbox 727 3570 760 3615; x_wconf 87' lang='lat' dir='ltr'><strong>ut</strong></span> <span class='ocrx_word' id='word_1_307' title='bbox 782 3569 811 3615; x_wconf 86' lang='lat' dir='ltr'><strong>et</strong></span> <span class='ocrx_word' id='word_1_308' title='bbox 830 3565 926 3628; x_wconf 83' lang='lat' dir='ltr'><strong>antea,</strong></span> <span class='ocrx_word' id='word_1_309' title='bbox 945 3578 994 3615; x_wconf 84' lang='lat' dir='ltr'><strong>nro</strong></span> <span class='ocrx_word' id='word_1_310' title='bbox 1013 3564 1157 3616; x_wconf 86' lang='lat' dir='ltr'><strong>restituere</strong></span> <span class='ocrx_word' id='word_1_311' title='bbox 1174 3563 1206 3616; x_wconf 86' lang='lat' dir='ltr'><strong>in</strong></span> 
     </span>
     <span class='ocr_line' id='line_1_36' title="bbox 111 3633 1207 3704; baseline -0.003 -16"><span class='ocrx_word' id='word_1_312' title='bbox 111 3645 238 3688; x_wconf 85' lang='lat' dir='ltr'><strong>mentem</strong></span> <span class='ocrx_word' id='word_1_313' title='bbox 263 3635 349 3692; x_wconf 83' lang='lat' dir='ltr'><strong>venit.</strong></span> <span class='ocrx_word' id='word_1_314' title='bbox 392 3635 438 3688; x_wconf 88' lang='lat' dir='ltr'><strong>Sic</strong></span> <span class='ocrx_word' id='word_1_315' title='bbox 462 3635 546 3704; x_wconf 74' lang='lat' dir='ltr'><strong>igitur</strong></span> <span class='ocrx_word' id='word_1_316' title='bbox 569 3633 715 3698; x_wconf 84' lang='lat' dir='ltr'><strong>sentienti,</strong></span> <span class='ocrx_word' id='word_1_317' title='bbox 739 3634 829 3686; x_wconf 81' lang='lat' dir='ltr'><strong>risum</strong></span> <span class='ocrx_word' id='word_1_318' title='bbox 854 3636 890 3687; x_wconf 88' lang='lat' dir='ltr'><strong>sd</strong></span> <span class='ocrx_word' id='word_1_319' title='bbox 908 3649 976 3704; x_wconf 92' lang='lat' dir='ltr'><strong>opus</strong></span> <span class='ocrx_word' id='word_1_320' title='bbox 991 3633 1207 3704; x_wconf 87' lang='lat' dir='ltr'><strong>procedendum.</strong></span> 
     </span>
     <span class='ocr_line' id='line_1_37' title="bbox 111 3703 1208 3775; baseline -0.005 -16"><span class='ocrx_word' id='word_1_321' title='bbox 111 3705 222 3759; x_wconf 83' lang='lat' dir='ltr'><strong>Temen</strong></span> <span class='ocrx_word' id='word_1_322' title='bbox 243 3708 319 3775; x_wconf 89' lang='lat' dir='ltr'><strong>prius</strong></span> <span class='ocrx_word' id='word_1_323' title='bbox 343 3721 405 3757; x_wconf 90' lang='lat' dir='ltr'><strong>cum</strong></span> <span class='ocrx_word' id='word_1_324' title='bbox 428 3721 525 3775; x_wconf 83' lang='lat' dir='ltr'><strong>magno</strong></span> <span class='ocrx_word' id='word_1_325' title='bbox 553 3703 704 3756; x_wconf 85' lang='lat' dir='ltr'><strong>domestico</strong></span> <span class='ocrx_word' id='word_1_326' title='bbox 722 3705 888 3758; x_wconf 84' lang='lat' dir='ltr'><strong>sententiam</strong></span> <span class='ocrx_word' id='word_1_327' title='bbox 910 3703 1042 3766; x_wconf 86' lang='lat' dir='ltr'><strong>coirtuiit,</strong></span> <span class='ocrx_word' id='word_1_328' title='bbox 1069 3714 1102 3758; x_wconf 89' lang='lat' dir='ltr'><strong>ut</strong></span> <span class='ocrx_word' id='word_1_329' title='bbox 1116 3703 1139 3755; x_wconf 87' lang='lat' dir='ltr'><strong>si</strong></span> <span class='ocrx_word' id='word_1_330' title='bbox 1157 3703 1208 3756; x_wconf 89' lang='lat' dir='ltr'><strong>ilie</strong></span> 
     </span>
     <span class='ocr_line' id='line_1_38' title="bbox 111 3771 1207 3848; baseline -0.005 -18"><span class='ocrx_word' id='word_1_331' title='bbox 111 3775 248 3848; x_wconf 84' lang='lat' dir='ltr'><strong>expedire</strong></span> <span class='ocrx_word' id='word_1_332' title='bbox 266 3783 384 3847; x_wconf 62' lang='lat' dir='ltr'><strong>putaret,</strong></span> <span class='ocrx_word' id='word_1_333' title='bbox 403 3777 520 3847; x_wconf 67' lang='lat' dir='ltr'><strong>cogitata</strong></span> <span class='ocrx_word' id='word_1_334' title='bbox 533 3783 737 3846; x_wconf 84' lang='lat' dir='ltr'><strong>exsequeretur.</strong></span> <span class='ocrx_word' id='word_1_335' title='bbox 771 3776 825 3828; x_wconf 88' lang='lat' dir='ltr'><strong>Cui</strong></span> <span class='ocrx_word' id='word_1_336' title='bbox 843 3775 935 3826; x_wconf 88' lang='lat' dir='ltr'><strong>statim</strong></span> <span class='ocrx_word' id='word_1_337' title='bbox 953 3773 1088 3837; x_wconf 85' lang='lat' dir='ltr'><strong>occurrit,</strong></span> <span class='ocrx_word' id='word_1_338' title='bbox 1116 3773 1152 3826; x_wconf 90' lang='lat' dir='ltr'><strong>Se</strong></span> <span class='ocrx_word' id='word_1_339' title='bbox 1171 3771 1207 3826; x_wconf 88' lang='lat' dir='ltr'><strong>sb</strong></span> 
     </span>
     <span class='ocr_line' id='line_1_39' title="bbox 111 3841 1209 3920; baseline -0.007 -18"><span class='ocrx_word' id='word_1_340' title='bbox 111 3849 281 3920; x_wconf 80' lang='lat' dir='ltr'><strong>imperatore</strong></span> <span class='ocrx_word' id='word_1_341' title='bbox 299 3847 417 3910; x_wconf 81' lang='lat' dir='ltr'><strong>tentari,</strong></span> <span class='ocrx_word' id='word_1_342' title='bbox 435 3847 483 3918; x_wconf 89' lang='lat' dir='ltr'><strong>qui</strong></span> <span class='ocrx_word' id='word_1_343' title='bbox 501 3845 685 3909; x_wconf 78' lang='lat' dir='ltr'><strong>existimaret,</strong></span> <span class='ocrx_word' id='word_1_344' title='bbox 701 3845 754 3900; x_wconf 88' lang='lat' dir='ltr'><strong>bac</strong></span> <span class='ocrx_word' id='word_1_345' title='bbox 763 3847 798 3902; x_wconf 89' lang='lat' dir='ltr'><strong>de</strong></span> <span class='ocrx_word' id='word_1_346' title='bbox 817 3861 867 3899; x_wconf 85' lang='lat' dir='ltr'><strong>avo</strong></span> <span class='ocrx_word' id='word_1_347' title='bbox 884 3843 1085 3898; x_wconf 78' lang='lat' dir='ltr'><strong>deliberatione</strong></span> <span class='ocrx_word' id='word_1_348' title='bbox 1101 3841 1209 3908; x_wconf 88' lang='lat' dir='ltr'><strong>sudits,</strong></span> 
     </span>
     <span class='ocr_line' id='line_1_40' title="bbox 110 3915 1210 3987; baseline -0.005 -15"><span class='ocrx_word' id='word_1_349' title='bbox 110 3921 177 3972; x_wconf 89' lang='lat' dir='ltr'><strong>sine</strong></span> <span class='ocrx_word' id='word_1_350' title='bbox 188 3927 271 3974; x_wconf 80' lang='lat' dir='ltr'><strong>mora</strong></span> <span class='ocrx_word' id='word_1_351' title='bbox 289 3916 371 3970; x_wconf 76' lang='lat' dir='ltr'><strong>facile</strong></span> <span class='ocrx_word' id='word_1_352' title='bbox 389 3933 420 3970; x_wconf 89' lang='lat' dir='ltr'><strong>se</strong></span> <span class='ocrx_word' id='word_1_353' title='bbox 437 3917 550 3987; x_wconf 86' lang='lat' dir='ltr'><strong>abipso</strong></span> <span class='ocrx_word' id='word_1_354' title='bbox 567 3918 761 3986; x_wconf 86' lang='lat' dir='ltr'><strong>imperatorem</strong></span> <span class='ocrx_word' id='word_1_355' title='bbox 789 3915 941 3968; x_wconf 82' lang='lat' dir='ltr'><strong>renuntiari</strong></span> <span class='ocrx_word' id='word_1_356' title='bbox 960 3929 1118 3984; x_wconf 87' lang='lat' dir='ltr'><strong>passurum,</strong></span> <span class='ocrx_word' id='word_1_357' title='bbox 1139 3931 1210 3967; x_wconf 87' lang='lat' dir='ltr'><strong>con-</strong></span> 
     </span>
     <span class='ocr_line' id='line_1_41' title="bbox 109 3983 1210 4060; baseline -0.005 -18"><span class='ocrx_word' id='word_1_358' title='bbox 109 3992 251 4060; x_wconf 88' lang='lat' dir='ltr'><strong>tinuoque</strong></span> <span class='ocrx_word' id='word_1_359' title='bbox 276 3989 461 4058; x_wconf 85' lang='lat' dir='ltr'><strong>suspicionem</strong></span> <span class='ocrx_word' id='word_1_360' title='bbox 485 4004 561 4040; x_wconf 86' lang='lat' dir='ltr'><strong>susm</strong></span> <span class='ocrx_word' id='word_1_361' title='bbox 586 3985 705 4056; x_wconf 82' lang='lat' dir='ltr'><strong>aperuit.</strong></span> <span class='ocrx_word' id='word_1_362' title='bbox 747 3989 912 4040; x_wconf 80' lang='lat' dir='ltr'><strong>Autumante</strong></span> <span class='ocrx_word' id='word_1_363' title='bbox 936 3985 1115 4056; x_wconf 85' lang='lat' dir='ltr'><strong>imperatore,</strong></span> <span class='ocrx_word' id='word_1_364' title='bbox 1135 3983 1210 4037; x_wconf 88' lang='lat' dir='ltr'><strong>nihii</strong></span> 
     </span>
     <span class='ocr_line' id='line_1_42' title="bbox 101 4052 1208 4129; baseline -0.006 -16"><span class='ocrx_word' id='word_1_365' title='bbox 101 4061 172 4113; x_wconf 84' lang='lat' dir='ltr'><strong>·tsie</strong></span> <span class='ocrx_word' id='word_1_366' title='bbox 187 4061 279 4112; x_wconf 85' lang='lat' dir='ltr'><strong>animo</strong></span> <span class='ocrx_word' id='word_1_367' title='bbox 298 4073 436 4126; x_wconf 77' lang='lat' dir='ltr'><strong>versasse3</strong></span> <span class='ocrx_word' id='word_1_368' title='bbox 454 4059 509 4112; x_wconf 87' lang='lat' dir='ltr'><strong>sed</strong></span> <span class='ocrx_word' id='word_1_369' title='bbox 531 4059 571 4110; x_wconf 89' lang='lat' dir='ltr'><strong>sic</strong></span> <span class='ocrx_word' id='word_1_370' title='bbox 590 4057 709 4111; x_wconf 84' lang='lat' dir='ltr'><strong>candide</strong></span> <span class='ocrx_word' id='word_1_371' title='bbox 733 4061 866 4129; x_wconf 81' lang='lat' dir='ltr'><strong>nubeque</strong></span> <span class='ocrx_word' id='word_1_372' title='bbox 882 4055 992 4110; x_wconf 78' lang='lat' dir='ltr'><strong>vafritie</strong></span> <span class='ocrx_word' id='word_1_373' title='bbox 1010 4054 1083 4107; x_wconf 91' lang='lat' dir='ltr'><strong>bono</strong></span> <span class='ocrx_word' id='word_1_374' title='bbox 1100 4052 1132 4104; x_wconf 90' lang='lat' dir='ltr'><strong>id</strong></span> <span class='ocrx_word' id='word_1_375' title='bbox 1144 4053 1208 4106; x_wconf 70' lang='lat' dir='ltr'><strong>&#39;iore</strong></span> 
     </span>
     <span class='ocr_line' id='line_1_43' title="bbox 6 4125 1207 4200; baseline -0.007 -15"><span class='ocrx_word' id='word_1_376' title='bbox 6 4157 11 4164; x_wconf 90' lang='lat'><strong>·</strong></span> <span class='ocrx_word' id='word_1_377' title='bbox 111 4145 228 4184; x_wconf 87' lang='lat' dir='ltr'><strong>censere</strong></span> <span class='ocrx_word' id='word_1_378' title='bbox 245 4137 274 4182; x_wconf 86' lang='lat' dir='ltr'><strong>et</strong></span> <span class='ocrx_word' id='word_1_379' title='bbox 289 4130 363 4182; x_wconf 81' lang='lat' dir='ltr'><strong>veile</strong></span> <span class='ocrx_word' id='word_1_380' title='bbox 379 4129 411 4181; x_wconf 90' lang='lat' dir='ltr'><strong>in</strong></span> <span class='ocrx_word' id='word_1_381' title='bbox 428 4145 485 4181; x_wconf 92' lang='lat' dir='ltr'><strong>rem</strong></span> <span class='ocrx_word' id='word_1_382' title='bbox 506 4127 651 4192; x_wconf 83' lang='lat' dir='ltr'><strong>deducere,</strong></span> <span class='ocrx_word' id='word_1_383' title='bbox 669 4145 780 4200; x_wconf 79' lang='lat' dir='ltr'><strong>magnus</strong></span> <span class='ocrx_word' id='word_1_384' title='bbox 799 4128 962 4181; x_wconf 89' lang='lat' dir='ltr'><strong>domesticus</strong></span> <span class='ocrx_word' id='word_1_385' title='bbox 984 4125 1138 4196; x_wconf 84' lang='lat' dir='ltr'><strong>excipiens,</strong></span> <span class='ocrx_word' id='word_1_386' title='bbox 1155 4125 1207 4176; x_wconf 77' lang='lat' dir='ltr'><strong>At-</strong></span> 
     </span>
     <span class='ocr_line' id='line_1_44' title="bbox 111 4197 1208 4274; baseline -0.01 -18"><span class='ocrx_word' id='word_1_387' title='bbox 111 4203 167 4274; x_wconf 84' lang='lat' dir='ltr'><strong>qni</strong></span> <span class='ocrx_word' id='word_1_388' title='bbox 177 4199 254 4256; x_wconf 78' lang='lat' dir='ltr'><strong>‚mibi</strong></span> <span class='ocrx_word' id='word_1_389' title='bbox 263 4237 272 4266; x_wconf 87' lang='lat'><strong>,</strong></span> <span class='ocrx_word' id='word_1_390' title='bbox 293 4200 355 4268; x_wconf 84' lang='lat' dir='ltr'><strong>sit,</strong></span> <span class='ocrx_word' id='word_1_391' title='bbox 371 4215 450 4255; x_wconf 86' lang='lat' dir='ltr'><strong>secus</strong></span> <span class='ocrx_word' id='word_1_392' title='bbox 465 4197 575 4260; x_wconf 76' lang='lat' dir='ltr'><strong>ridetur</strong></span> <span class='ocrx_word' id='word_1_393' title='bbox 586 4217 593 4270; x_wconf 73' lang='grc' dir='ltr'><strong><em>η</em></strong></span> <span class='ocrx_word' id='word_1_394' title='bbox 604 4217 703 4272; x_wconf 61' lang='lat' dir='ltr'><strong>‘neque</strong></span> <span class='ocrx_word' id='word_1_395' title='bbox 722 4199 798 4272; x_wconf 85' lang='lat' dir='ltr'><strong>quod</strong></span> <span class='ocrx_word' id='word_1_396' title='bbox 817 4197 851 4253; x_wconf 88' lang='lat' dir='ltr'><strong>sd</strong></span> <span class='ocrx_word' id='word_1_397' title='bbox 868 4213 912 4252; x_wconf 90' lang='lat' dir='ltr'><strong>ms</strong></span> <span class='ocrx_word' id='word_1_398' title='bbox 932 4198 1051 4262; x_wconf 83' lang='lat' dir='ltr'><strong>attinet,</strong></span> <span class='ocrx_word' id='word_1_399' title='bbox 1068 4203 1208 4266; x_wconf 71' lang='lat' dir='ltr'><strong>umquam</strong></span> 
     </span>
    </p>
   </div>
   <div class='ocr_carea' id='block_1_4' title="bbox 0 0 1548 4946">
    <p class='ocr_par' dir='ltr' id='par_1_5' title="bbox 0 0 1548 4946">
     <span class='ocr_line' id='line_1_45' title="bbox 0 0 1548 4946; baseline 0 0"><span class='ocrx_word' id='word_1_400' title='bbox 0 0 1548 4946; x_wconf 95' lang='lat' dir='ltr'><strong> </strong></span> 
     </span>
    </p>
   </div>
  </div>
 </body>
</html>
