3074 4934
409 325 693 398 ursronrrnnn
720 333 763 408 ιι.
793 335 822 403 7.
1052 309 1057 316 “
1086 303 1170 390 353

80 487 193 572 θήσων
227 483 287 571 τήν
312 484 531 572 προσήκουσαν
552 495 618 564 τοῖς
643 480 811 561 άτάιιτοις.
839 489 904 562 τοῖς
928 478 1008 562 ίσοις
1033 485 1071 552 δὲ
1096 489 1327 570 tom-tentor)

80 592 175 666 σμοῖς
195 581 398 670 χρησάμενος
415 585 471 651 καί
483 581 642 668 βασιλεύς,
662 581 698 652 τδ
718 582 802 650 ἴδιον
815 579 918 668 τάγμα
940 581 996 648 καί
1013 581 1112 661 αὐτὸς
1128 585 1186 652 καί
1270 599 1273 609 ’

79 680 137 768 τὴν
157 684 298 770 σημαίαν
323 680 381 766 τὴν
404 681 570 769 βασιλικῆν
588 678 707 772 Ἀσάνη
734 680 896 768 Μαναυὴλ
918 684 963 771 τῷ
978 676 1181 769 Ἀνδρονίκου

80 779 142 870 cip
158 784 322 874 ἐξαδέλφρι
339 771 406 850 im
421 783 525 847 αὐτοῦ
544 781 709 868 παραδοὺς
721 786 777 848 καί
797 791 915 868 χωρεῖν
937 777 1018 867 πρδς
1033 779 1068 846 τὸ
1082 807 1183 868 στρα-

60 877 214 954 Ξτόπεδον
236 880 397 962 κελεύσας,
418 879 555 965 λογάδας
571 883 628 948 καί
647 876 746 958 αὐτὸς
761 879 956 967 παραλαβών
976 905 1084 964 τινας,
1104 881 1210 965 ἐβά-Ι)

81 983 169 1062 διζεν
193 975 323 1048 δπίσω.
349 976 431 1047 οὐτω
454 983 490 1046 δέ
505 979 648 1065 συμβάν,
676 981 835 1066 γενόμενοι
858 973 1004 1066 άλλὴλοις
1026 985 1061 1048 ἐν
1074 981 1186 1072 ταύτῷ

81 1085 140 1146 καί
162 1079 222 1167 τήν
244 1079 350 1148 αἰτίαν
370 1085 428 1168 τῆς
452 1082 655 1170 ὑποστροφῆς
681 1080 855 1164 πυθόμενοι
883 1076 966 1148 εἶναι
993 1080 1052 1167 την
1071 1079 1185 1166 αὐτῆνι

83 1181 156 1246 ἐπεί
169 1180 300 1248 ἐδόκουν
319 1183 450 1268 καιρίως
468 1185 680 1268 πεποιῆσθαι,
707 1175 786 1269 άχρι
803 1183 867 1248 τούν
881 1183 1072 1265 μαχομένων
1087 1173 1186 1267 ἦλθον

82 1279 141 1346 καί
157 1283 216 1368 τῆς
235 1282 397 1366 συμβολῆς
415 1282 475 1363 μὲν
488 1279 669 1366 άπέσεησαν
687 1281 835 1364 ἐκείνους,
856 1281 950 1347 αὐτοί
967 1283 1004 1347 δέ
1022 1280 1079 1346 καί
1093 1273 1187 1346 άκον·

47 1401 137 1456 ιοτες
151 1389 219 1457 τοῖς
241 1378 418 1468 βαρβάροις
440 1383 679 1447 συνεπλέκοντο.
716 1379 758 1446 οἷ’
779 1378 839 1468 γάρ
865 1381 1025 1469 βάρβαροι
1050 1378 1108 1465 τὴν
1125 1382 1187 1464 μέν

83 1477 241 1565 στρατιάν
264 1477 397 1567 δρῶντες
414 1471 476 1565 ἤδη
503 1480 562 1546 οὐκ
581 1474 687 1564 ὐλίγον
709 1480 816 1547 αὐτῶν
843 1480 1080 1568 ἀφεστηκυῖαν,
1110 1476 1188 1554 τούς

84 1577 357 1662 ὑπολειπομένους
379 1580 415 1645 δὲ
436 1576 578 1663 ὐλίγους,
609 1579 666 1646 καί
683 1582 867 1663 νομίσαντες
893 1577 1004 1666 καιρὸν
1024 1574 1107 1646 εἶναι
1126 1577 1188 1644 αὐ·

88 1685 157 1754 τοϊς
180 1679 390 1761 ἐπιθεμένους
411 1680 613 1766 διαφθεῖραι,
632 1680 762 1764 λογάδες
782 1679 838 1746 καί
856 1681 891 1760 ἐξ
911 1674 1019 1746 αὐτῶν
1039 1679 1096 1745 καί
1113 1683 1190 1744 πολ-

85 1775 178 1853 λάκις
195 1775 286 1842 τόσοι
309 1779 510 1861 ἐπιθέμενοι,
534 1781 569 1844 ἐν
588 1781 659 1866 χρῷ
678 1780 874 1864 κατέστησαν
895 1773 1013 1856 αὐτοὺς
1031 1777 1195 1850 κινδύνου.

52 1873 275 1958 ι5δομέστικάς
290 1900 325 1942 τε
344 1873 407 1962 γάρ
429 1873 446 1941 δ
465 1877 581 1961 μέγας,
616 1880 672 1944 rori
699 1881 796 1944 ἵππου
826 1879 914 1969 αὐτῷ
934 1880 969 1944 ἐν
988 1886 1059 1956 ταῖς
1079 1880 1191 1963 ἐκδρο-

87 1985 167 2058 μαῖς
186 1980 242 2040 καί
261 1976 653 2064 άναστροφαῖςπεσόντος,
675 1981 789 2064 μικροῦ
809 1980 938 2062 ἐδέησεν
958 1972 1143 2060 άποθανεϊν,
1164 1979 1194 2042 εἰ

86 2073 133 2160 μὴ
150 2073 308 2159 βασιλέως
316 2077 373 2141 καί
392 2077 455 2142 τῶν
470 2069 573 2142 ἄλλων
587 2075 811 2164 περιστάντων,
826 2079 880 2164 ἐφ’
896 2077 1001 2164 ἕτερον
1016 2077 1189 2163 άνηνέχθη.

89 2171 148 2240 καί
166 2171 401 2256 τδνβασιλέως
421 2177 518 2241 ἵππον
537 2173 677 2261 ἔτρωσαν
696 2179 755 2259 μὲν
770 2176 934 2264 τραύμασι
952 2175 1098 2263 καιρίως,
1118 2165 1287 2241 ent-rom

88 2295 169 2356 σησε
190 2275 227 2338 δὲ
247 2268 320 2341 ὅσον
339 2268 522 2350 ἀπαλλάξαι
542 2278 605 2342 τῶν
624 2273 808 2363 βαρβάρων.
828 2274 955 2362 ἐτρώθη
973 2278 1009 2342 δέ
1029 2277 1085 2341 καί
1104 2273 1196 2359 ὄβα-

49 2369 201 2450 οοσιλεύς
219 2375 306 2456 βέλει
325 2369 381 2440 τδν
396 2371 520 2462 μηρύν,
553 2367 634 2459 άγον
654 2373 808 2460 εὐψύχως
825 2374 1007 2458 μαχόμενος
1026 2385 1093 2453 τοῖς
1112 2381 1196 2462 βαρ-

89 2469 216 2558 βάροις,
237 2471 293 2538 καί
312 2475 424 2560 διῆλθε
444 2470 480 2540 τά
499 2473 592 2557 βέλος
614 2473 800 2562 άμφοτέρας
820 2473 879 2552 τάς
895 2475 1100 2562 ἐπιφανείας.
1128 2476 1196 2542 κίν-

91 2573 188 2638 δυνον
209 2573 244 2638 δὲ
265 2568 302 2638 τδ
320 2574 450 2658 τραύμα
473 2573 588 2640 οὐδένα
606 2571 750 2658 ὐπενάει,
782 2573 863 2640 άλλά
883 2574 964 2658 μετὰ
983 2575 1118 2660 δεκάτην
1138 2575 1196 2657 τῆς

91 2671 214 2754 πληγῆς
233 2667 356 2757 ἡμέραν
376 2661 475 2748 αὐθις
494 2671 588 2758 ὐγιης
607 2665 666 2758 ἦν,
696 2669 740 2749 ὥς
768 2665 809 2737 δν
836 2673 867 2739 εἰ
893 2675 977 2758 μηδὲ
1005 2671 1064 2758 τὴν
1090 2668 1196 2756 άρχὴν

92 2764 241 2856 ἐτρώθη.
270 2768 352 2855 πλὴν
372 2769 526 2856 εὐψύχως
546 2771 603 2838 καί
620 2773 769 2858 γενναίως
789 2772 1020 2856 ὐγωνισάμενοι
1041 2773 1098 2836 καί
1116 2775 1197 2855 βαρ·

51 2869 216 2956 ο5βάρους
234 2863 359 2954 ὐλίγους
383 2873 465 2953 μὲν,
495 2873 557 2937 τῶν
584 2875 749 2959 ἐπιφανῶν
767 2873 803 2935 δέ
824 2869 986 2947 άνελόντες
1006 2869 1062 2936 καί
1080 2871 1287 2948 ionio-Vm

94 3123 193 3176 hortor
217 3131 246 3178 ct
266 3125 372 3198 rignum
396 3126 541 3200 imperiale
560 3127 685 3181 Manucli
705 3128 807 3191 Aseni,
830 3125 981 3182 Andronici
1001 3126 1059 3178 filio
1084 3129 1197 3192 cognato

96 3211 160 3257 eno,
175 3199 355 3262 committens,
374 3199 449 3252 etin
466 3208 553 3252 costra
569 3197 707 3252 abducere
726 3199 834 3258 iubem,
852 3199 912 3268 ipre
928 3197 1055 3249 similiter
1079 3209 1140 3244 cum
1154 3209 1199 3244 ee·

96 3265 180 3318 lcctir
202 3267 308 3336 aliquot
324 3277 396 3322 rotro
417 3269 558 3326 concessit.
595 3270 637 3321 Ite
655 3271 786 3339 contigit,
804 3277 836 3321 ut
855 3269 926 3321 niter
943 3269 973 3320 in
990 3265 1106 3318 altorum
1121 3263 1198 3316 inci-

98 3333 195 3400 deret,
215 3345 244 3390 ct
255 3337 369 3392 eandem
385 3338 440 3393 ribi
467 3347 539 3395 retro
556 3338 691 3392 redeundi
705 3355 813 3392 causam
831 3339 916 3390 fuisse
929 3337 1135 3404 intelligerent,
1154 3333 1197 3386 δε-

98 3415 231 3480 ctumqnc
254 3409 416 3478 probarent3
433 3409 468 3462 εδ
491 3417 644 3481 pugnanter
668 3409 839 3472 accederent,
868 3425 969 3478 corque
997 3403 1197 3467 abstrahenter,

99 3479 174 3548 ipsi,
200 3480 322 3548 quamvio
343 3481 485 3544 nolentes,
509 3497 571 3532 cum
590 3479 711 3533 barbarie
733 3481 942 3551 proeliarentur.
986 3478 1057 3531 Nom
1078 3475 1198 3536 barbari,

99 3567 165 3602 curn
181 3551 329 3602 exercitum
348 3551 498 3603 Romanum
514 3552 569 3604 inm
584 3567 642 3604 non
662 3551 771 3604 modico
788 3552 822 3603 ab
839 3549 905 3618 ipeir
921 3547 1067 3602 intervallo
1090 3545 1199 3598 dicton-

101 3627 161 3672 tcm
182 3627 325 3673 cernerent
348 3628 377 3675 ct
395 3621 504 3674 relictos
524 3637 583 3674 cccc
606 3639 721 3692 paucos:
748 3629 948 3694 censerentquc
973 3627 1108 3670 maturum
1129 3632 1199 3676 erec,

102 3707 151 3744 cor
171 3688 300 3744 invadere
323 3699 352 3745 ct
376 3701 510 3758 mactare,
533 3709 627 3746 eorum
651 3709 762 3765 quoquc
780 3693 887 3762 aliquot
910 3689 1006 3743 relecti
1033 3695 1061 3740 ct
1083 3703 1198 3740 numero

102 3760 185 3830 longo
199 3760 302 3826 pluteo,
321 3764 351 3816 in
364 3779 498 3816 nummum
510 3763 573 3816 illoc
589 3763 737 3816 discrimen
754 3762 935 3816 adduxerunt.
971 3759 1085 3827 Magnus
1096 3759 1200 3827 quippc

103 3828 286 3894 domesticus,
305 3849 377 3904 equo
396 3833 427 3886 in
450 3842 493 3887 tot
517 3833 643 3887 curribur
662 3842 691 3886 et
702 3833 858 3886 recursibus
882 3831 1098 3900 praecipitante,
1117 3827 1203 3880 seme

101 3901 232 3961 viduet,
258 3903 313 3953 niri
329 3904 364 3956 nb
382 3905 545 3971 imperatore
572 3905 689 3976 oiiirquc
706 3905 839 3975 proximis
858 3904 888 3954 in
907 3903 992 3952 olium
1015 3914 1115 3966 equum
1132 3913 1201 3948 con-

103 3973 185 4025 tinuo
211 3970 334 4026 oublntuo
354 3973 460 4032 fuisset.
494 3975 712 4044 Etimporntorie
730 3973 842 4044 quidem
861 3974 1017 4023 iumentum
1036 3968 1105 4021 licet
1121 3967 1201 4020 letoii

104 4043 262 4096 consonum
284 4044 416 4106 vulnere,
433 4045 473 4096 ito
495 4051 587 4098 temon
608 4043 731 4108 cecidit,
749 4051 781 4096 ut
799 4059 847 4096 rex
862 4060 878 4094 ε
894 4041 1057 4092 barbarione
1074 4039 1201 4122 eriperet

104 4111 222 4184 Accepit
234 4113 317 4165 etiam
331 4115 498 4168 luculentam
515 4115 623 4186 pingam
642 4115 791 4168 fortissimo
816 4129 877 4166 curn
906 4113 940 4164 iic
960 4110 1093 4164 dimicans
1115 4125 1203 4178 rmpc-

105 4192 194 4249 rotor,
214 4181 312 4236 εδοοῑο
335 4201 385 4254 per
409 4185 498 4240 femur
520 4186 591 4248 telo,
617 4201 711 4237 verum
740 4188 799 4238 rinc
823 4182 966 4254 pericu10;
984 4187 1048 4250 poet
1066 4179 1202 4232 decimum

104 4269 227 4325 nomque
254 4251 328 4304 diem
348 4257 494 4309 contenuit
517 4255 620 4320 femur,
645 4264 677 4308 ut
696 4257 721 4310 si
742 4271 883 4328 nunquam
906 4253 1077 4307 vulneratum
1096 4250 1203 4308 suimet.

180 4347 400 4402 Cantacuzcrrns.
962 4347 995 4398 23
