3082 4940
463 289 747 372 nisuomAuum
774 311 814 371 ιι.
838 313 888 382 ιο.
1117 279 1201 386 545

126 457 385 542 mummium.
425 461 527 525 susim
547 460 583 522 δὲ
604 457 643 522 osi
665 456 767 542 λόγοις
785 457 883 542 μόνον
898 461 1077 549 διεθρόλλει
1091 453 1358 544 eduennensis,

125 557 197 624 κατά
214 563 268 642 τῆς
281 557 424 642 ἡσυχίας,
452 555 495 633 ὥς
508 557 608 624 αι’τιόυ
632 559 689 643 τῆς
713 561 831 643 πλάνης
847 563 1026 644 γινομένης,
1050 557 1131 628 ἀλλά
1149 570 1205 632 κατ’
1290 569 1293 574 ’

14 711 18 718 .
125 656 349 744 συνεγράφετσ,
374 659 427 722 ἵνα
450 660 483 732 ἐς
501 655 553 720 ἀεὶ
570 655 805 743 ἀνάγραπτοςῆ
830 656 924 744 όβρις
947 657 1004 744 εἴη.
1046 665 1149 728 ταῦτα
1167 666 1204 730 di

125 749 290 840 duodennio
311 758 345 822 ἐν
369 757 581 842 Θεσσαλονίκῃ
601 759 634 820 ἐν
658 749 704 832 οἷς
723 767 845 842 καιροῖς
869 757 924 823 κατ’
942 757 960 822 ό
981 759 1131 842 βασιλεός
1151 761 1206 830 ἐπὶ

107 855 333 941 5Ἀκαρνανιάν
353 847 518 938 ἀπεδήμει.
559 857 594 920 ἐν
608 851 708 945 ταύτῃ
729 858 764 922 δὲ
788 853 878 922 ἄλλοι
903 883 938 922 τε
956 863 1103 946 παρῆσαν
1123 862 1204 946 ἡσυ-

123 953 265 1038 χάζοντες
290 957 418 1034 πολλοὶ,
449 955 482 1018 oi
504 951 590 1019 δεινά
615 955 776 1022 ἐποιοῦντο
800 955 839 1021 τά
860 957 1021 1044 Βαρλάἀμ
1046 963 1204 1048 διαθρυλ-

123 1052 273 1134 λόόμενα,
295 1055 350 1118 καί
368 1049 508 1134 μάλιστα
522 1055 554 1117 Γ
550 1053 694 1139 ρηγόριος
715 1049 923 1140 όΠαλαμάς,
945 1054 980 1134 ὃς
1000 1061 1055 1124 καί
1070 1055 1203 1146 ὕστερον

123 1151 164 1227 είς
179 1151 348 1236 ἀρχιερέας
362 1151 480 1216 ἐτέλεσε
496 1153 741 1238 Θεσσαλονικης·
782 1150 819 1231 ἀς
839 1155 872 1232 ἐξ
894 1153 1012 1233 Ἀσίας
1032 1151 1077 1224 ἀν
1101 1157 1138 1223 τὸ
1151 1163 1226 1242 γέ-(λ

122 1271 171 1323 νος
193 1251 248 1313 καί
268 1249 441 1331 βασιλείοις
459 1249 572 1328 αὐλαῖς
590 1253 841 1338 ἐντεθραμμένος
846 1303 857 1335 ,
879 1249 947 1336 ἅμα
971 1251 1203 1343 δυσίνὲτέροις

91 1341 271 1433 ιοάδελφοῑς
294 1346 349 1413 εἰεί
367 1349 450 1413 πάνυ
475 1350 605 1436 παιδικῇ
629 1354 669 1436 τῇ
687 1349 792 1439 ἡλικίη
814 1354 924 1436 κτῆσιν
945 1351 1001 1433 καί
1022 1355 1130 1438 γονέας
1147 1359 1205 1420 κατ’

122 1444 176 1531 τὴν
197 1439 295 1531 ἀλλην
317 1445 524 1534 περιφάνειαν
547 1448 609 1534 τοῦι
631 1449 702 1529 βίον
726 1452 782 1514 καὶ
798 1447 855 1526 τάς
873 1451 909 1516 ὲκ
926 1457 1081 1534 βασιλέως
1108 1453 1204 1536 τιμάς
1250 1478 1253 1507 ¹

119 1544 163 1621 λός
181 1539 327 1632 όλίγουῆ
353 1542 480 1622 οδδενός
507 1543 683 1621 ἐκλιπόντες
702 1539 792 1630 ἀξια,
829 1554 961 1638 Χριστῷ
980 1551 1096 1618 εἴλοντο
1116 1550 1203 1642 μόνη

122 1643 304 1711 ἀκολουθεῖν
324 1647 379 1708 καί
397 1642 453 1729 την
473 1645 592 1708 ἐκεῖθεν
620 1643 823 1730 λαμπρότητα
844 1647 1015 1731 ἐπιζητεῖν·
1057 1652 1113 1715 κατ’
1132 1655 1204 1718 Ne·

122 1745 235 1830 ζιραῖοι
254 1745 298 1832 τῷ
317 1744 383 1832 θεῷ
400 1744 605 1828 γεγενημένοι,
626 1740 683 1828 τὴν
702 1745 859 1827 πτωχείαν
877 1749 997 1828 μᾶλλον
1013 1749 1130 1814 εἴλοντο
1146 1745 1204 1834 τὴν

85 1831 163 1911 τὸδί
177 1840 274 1907 αὐτὸν
287 1844 344 1906 κατ’
354 1839 413 1926 τὴν
428 1842 578 1926 ἀκτησιλιν
590 1843 645 1906 κατ’
655 1841 711 1928 τὴν
724 1844 884 1909 δουλείαν.
904 1847 961 1910 κατ’
969 1836 1146 1935 πρόςἎθῳ
1160 1849 1205 1937 τρῖ

121 1937 192 2029 ἱερῷ
213 1936 374 2025 γενόμενοι
396 1931 480 2026 (ipsa,
501 1932 577 2026 ὅπερ
600 1939 658 2004 ode
679 1933 719 2006 ἀν
739 1965 788 2017 τις
807 1939 944 2028 ἀμάρτοι
964 1941 1056 2008 πόλιν
1076 1969 1204 2030 προσει·
1278 1989 1281 2002 .

119 2038 185 2105 πυόν
204 2033 363 2125 υάράνιον,
384 2036 593 2104 ἕκδεδοόκασιν
611 2035 744 2116 ἓαυτοός
764 2035 907 2126 όποταγῇ
926 2036 1048 2127 πατρός
1060 2064 1235 2124 strenua-1)

119 2139 215 2203 τικοό.
245 2129 284 2202 οὗ
308 2135 347 2224 δη
368 2134 425 2203 τόν
441 2136 652 2220 πνευματικόν
672 2131 908 2221 ἀγωνιζομένων
929 2137 1058 2204 δίαυλον
1075 2137 1131 2207 καὶ
1146 2145 1203 2205 θε-

120 2234 216 2302 όντων
234 2233 291 2303 τόν
311 2235 385 2323 περὶ
402 2237 511 2322 ψυχῆς
518 2287 529 2320 ,
564 2233 582 2300 ό
611 2243 791 2312 τελευταῖος
818 2237 940 2314 ἐξέλιπε
965 2241 1028 2304 sudu
1056 2233 1203 2326 ἀδελφοῖν

80 2340 242 2426 ιιοιτραῑτος
260 2335 411 2424 χωρήσας
430 2335 509 2422 πρός
529 2334 569 2402 τό
589 2340 723 2420 βραβεῖα
743 2339 801 2423 τῆς
817 2329 882 2402 ἀνω
900 2333 1046 2423 κλήσεως,
1067 2337 1122 2404 καί
1133 2344 1203 2422 μετ’

119 2435 235 2502 ἐκεῖνον
254 2433 271 2502 ό
292 2435 480 2524 διδάσκαλος
499 2431 592 2524 ἀλίγιρ
613 2429 744 2522 ὕστερον
765 2429 976 2520 ἀπηλλάττετο
996 2439 1060 2503 τῶν
1080 2439 1204 2520 δεσμῶν

118 2537 176 2600 susi
194 2534 332 2620 γειόδους
361 2533 474 2604 τυότου
497 2538 552 2600 καί
570 2535 718 2600 ταπεινοῦ
738 2534 872 2622 σαρκίον
899 2539 955 2602 καί
974 2533 1053 2623 πρός
1071 2534 1109 2601 όν
1126 2538 1203 2602 διιό-

115 2638 199 2720 θησε
222 2635 407 2717 μετέβαινεν
440 2635 474 2711 ἐξ
503 2634 627 2719 ἀρχῆς.
666 2635 699 2698 Γ
695 2637 829 2722 ρηγορίῳ
855 2635 890 2698 δὲ
916 2634 973 2700 καί
996 2633 1141 2722 τάδελφῷ
1167 2637 1203 2700 ἐκ
1233 2669 1239 2678 ·

79 2721 84 2730 ’
116 2729 236 2818 πατρὸς
255 2735 513 2820 καταλειφθεῖσιν
539 2725 690 2820 ὀρφανοῖς
712 2733 771 2796 ode
792 2729 894 2798 ἐδόκει
917 2733 984 2804 δεῖν
1003 2729 1051 2798 ἔτι
1072 2732 1202 2803 αιστεό-

116 2936 245 2990 τιιοτιελει
272 2942 385 3006 psopter
409 2949 469 2988 eam
493 2949 576 3006 quam
592 2949 657 3005 prae
675 2951 704 2988 se
721 2933 825 2988 ier'rent
847 2931 980 3004 pietatem
1012 2934 1115 2988 animas
1141 2950 1202 2988 sues

116 3005 305 3060 credidissent
340 3007 429 3076 atque
447 3004 516 3058 haec
533 3021 589 3058 non
608 3005 699 3059 verbis
715 3013 823 3058 tuntum
849 3005 961 3074 publice
982 3014 1077 3058 eontra
1101 3014 1203 3059 statum

116 3078 270 3130 solitarium
296 3082 328 3128 ut
352 3091 458 3128 eausam
475 3077 574 3128 erroris
600 3074 810 3140 disseminabat3
832 3073 881 3128 sed
908 3077 937 3126 in
961 3075 1066 3128 litteras
1110 3091 1204 3145 uoqun

115 3147 273 3218 redigebnt,
288 3153 320 3198 ut
336 3152 459 3199 extarent
476 3159 582 3215 semper
598 3148 658 3198 eius
674 3143 866 3202 contumeliae.
900 3145 974 3198 Haec
992 3093 1203 3201 Thetonionicao

115 3227 179 3270 acta
197 3223 273 3280 aunt,
291 3233 345 3286 qno
365 3225 487 3286 tempore
502 3219 648 3285 imperator
670 3219 700 3269 in
715 3216 896 3270 Acarnaniam
914 3216 1028 3269 abierat.
1071 3216 1115 3268 lbi
1139 3233 1203 3269 eum

114 3288 197 3340 anniti
216 3287 330 3342 solitarii
347 3293 527 3350 versarentur,
550 3287 599 3356 qui
615 3287 730 3340 iaotatos
745 3287 907 3338 aBarinnmo
925 3301 1062 3338 sermones
1075 3286 1203 3340 ferebant

114 3358 245 3430 graviter,
263 3363 321 3410 tum
338 3360 498 3426 praesertim
514 3356 659 3427 Gregorius
674 3357 813 3420 Palmae,
841 3357 888 3427 qui
907 3365 1002 3426 postea
1019 3356 1204 3427 archiepisco·

113 3445 168 3498 pus
189 3427 440 3481 Thessalonicensis
467 3429 639 3480 renuntiatus
663 3435 719 3491 est,
748 3442 847 3496 genere
874 3426 1007 3480 Asiaticus
1032 3436 1061 3480 et
1086 3429 1116 3480 in
1139 3427 1203 3480 auia

112 3497 294 3568 imperatoria
317 3498 455 3552 educatus.
490 3497 543 3551 mc
558 3505 586 3549 et
603 3496 658 3549 duo
673 3498 770 3550 iratres
788 3499 846 3550 eius
862 3503 952 3551 aetate
969 3495 1114 3550 admodum
1131 3514 1204 3569 pue-

110 3569 163 3622 rili
180 3570 382 3638 possesaiones,
419 3575 526 3622 arentes
545 3574 575 3618 et
592 3566 659 3638 quid
681 3566 728 3619 uid
746 3574 787 3620 est
804 3569 834 3618 in
850 3565 993 3621 hominum
1011 3570 1067 3622 vita
1091 3571 1202 3638 eunapi-

111 3655 199 3692 uuum
217 3647 246 3692 et
264 3585 445 3702 admirabiie,
472 3645 501 3691 et
516 3635 632 3691 honores
650 3585 684 3690 ai>
702 3639 865 3706 imperntose
890 3637 1037 3706 promissos
1068 3643 1100 3690 ut
1125 3639 1202 3708 persi

111 3717 166 3761 aut
182 3709 285 3761 nullius
301 3709 432 3762 momenti
453 3709 640 3780 reliquerant,
660 3706 853 3778 Christumque
876 3707 964 3760 solum
985 3708 1063 3779 sequi
1085 3713 1114 3760 ελ
1130 3724 1201 3778 queo

110 3780 146 3832 in
169 3780 253 3833 caelis
272 3788 314 3832 est
337 3781 488 3834 claritatem
511 3786 638 3848 expetere
662 3778 851 3831 instituerant:
880 3793 912 3828 ne
936 3775 1064 3830 Nazaraei
1090 3776 1200 3831 Christo

111 3850 204 3915 fecti,
222 3857 409 3919 paupertatem
428 3851 511 3921 magia
530 3849 786 3919 possessionumque
809 3848 930 3916 inopiam
955 3855 983 3901 et
997 3847 1201 3901 subiectionem

111 3919 195 3972 iliius
214 3937 293 3973 eausa
308 3921 452 3992 elegerant.
487 3921 577 3990 Atque
599 3917 671 3989 apud
688 3917 759 3971 Atho
783 3927 906 3970 sanetum
923 3927 1043 3972 montem
1058 3916 1198 3986 degentes,

111 4005 201 4062 quem
217 3993 266 4062 qui
285 3992 429 4044 coelestem
444 3993 581 4046 civitatem
600 3989 753 4058 appellarit,
771 4004 827 4040 non
846 3989 982 4052 erraverit,
995 3988 1080 4056 patria
1096 3985 1201 4039 ibidem

108 4060 478 4184 ἷφίτίιρρρριιιγιερίιτίρηηευ
502 4059 689 4184 ριδφρρλῑίἱρριιίτει
703 4075 732 4112 τε
758 4065 954 4144 αοιιιεετετσιιιἴ
990 4057 1044 4110 Ubi
1062 4056 1201 4180 Ιτιίιιιτίτιιτιι

161 4147 229 4184 τιτι
288 4149 383 4185 neiron
443 4147 503 4184 see
609 4145 675 4182 use
711 4145 819 4184 cursum
858 4143 1011 4181 memmae
1034 4143 1200 4182 snueeua·

106 4215 167 4260 ren
210 4218 258 4265 ns,
274 4203 403 4256 minimus
419 4208 486 4256 natu
501 4201 604 4274 prinus
619 4199 752 4266 deuenit,
778 4197 814 4253 ad
829 4145 953 4258 ἀτιιλαιιι
970 4213 1104 4271 supernas
1118 4213 1201 4256 τοττ-

191 4303 410 4360 διιιιτιιειιτειιαι.
440 4359 444 4370 ,
964 4300 997 4390 δᾶ
