3114 4930
326 289 376 375 72
724 285 1005 352 cruentemur

179 457 207 507 Α.
220 455 247 512 C.
263 444 423 515 ι3τιπάλιν
440 443 610 530 ἤσάχασαν
627 443 850 521 καθεσθέντες,
869 438 890 503 ελ
915 435 1154 523 Μελιτηνιώτης
1172 439 1208 504 δέ
1226 436 1317 504 ἔνδον
1334 435 1414 525 πρὸς

323 540 374 608 τὸν
391 543 599 632 πρεσβύτερον
614 544 677 607 τών
684 543 842 623 βασιλέων
857 539 971 604 ἐλθών·
998 540 1164 620 ,,σκεπιέον
1180 540 1250 602 σοι”
1260 533 1340 624 πρὸς
1356 530 1416 612 οάς

298 653 323 705 D
333 639 417 710 εἶπεν
432 637 483 725 ,,ὁ’,
493 668 524 708 τι
539 646 662 725 μέλλεις
676 632 801 726 depasti
811 639 953 720 βασιλεῦ.
963 633 1044 723 πρὸς
1057 635 1116 722 γάρ
1132 637 1251 722 θύραις
1263 645 1333 712 ταῖς
1343 643 1416 710 σαῖς

333 745 525 833 ἐφεστήκασι
548 742 610 806 τών
625 741 680 824 τῆς
698 733 874 822 συγκλήτου
898 738 998 815 τινὲς,
1027 734 1128 801 πάντα
1151 737 1229 825 άρᾷν
1252 734 1331 819 ὑπὲρ
1358 734 1418 800 rori

326 846 399 908 νέου
418 841 574 925 βασιλέως
589 841 707 919 ἕτοιμοι
731 840 786 900 κατ’
801 835 937 918 πάσχειν
953 823 1073 910 hever?
1103 831 1226 899 τούτων
1242 831 1382 908 ἀκούσας
1399 831 1439 906 «55

325 937 475 1026 βασιλεάς
499 941 616 1023 ἀνέστη
633 961 668 1002 τε
696 936 808 1000 αὐτίκα
830 935 890 997 τοῦ
910 931 1048 1019 θρόνοτί,
1078 935 1135 1000 κατ’
1150 930 1229 1020 πρός
1249 931 1304 999 τὸν
1324 932 1419 998 ἐνδό-

324 1065 415 1126 τερον
432 1037 567 1103 ον’κάικον
581 1036 713 1120 ἐχώρει,
734 1030 788 1100 τόν
804 1036 873 1099 νέον
890 1035 1023 1116 βασιλέα
1041 1043 1107 1108 τοῖς
1122 1033 1333 1120 ἀκροωμένοις
1347 1027 1417 1112 άμα

323 1135 412 1223 παρά
437 1134 492 1201 τὸν
515 1133 577 1212 ἔξω
595 1132 784 1204 καταλιπών.
836 1130 893 1198 τὸν
923 1135 1023 1218 μέγαν
1058 1135 1094 1198 δὲ
1126 1129 1419 1214 μετακαλεσάμενος

251 1239 501 1322 ν.39λογοθέτην
516 1233 571 1300 τὸν
590 1233 792 1317 Μετοχίτην,
813 1230 869 1296 καί
884 1227 944 1299 ὅσα
961 1227 1001 1317 ἢν
1013 1231 1099 1320 αὐτῷ
1117 1234 1297 1319 βουλομένῳ
1310 1233 1418 1296 διαλε-

322 1334 426 1416 χθείς,
448 1329 516 1398 εἶτα
536 1336 579 1397 δι’
602 1333 704 1398 αὐτοῦ
719 1330 831 1417 μηνύει
849 1334 893 1420 τῷ
913 1328 1027 1420 ε’γγόνρι
1045 1333 1100 1396 καί
1115 1336 1255 1414 βασιλεῖ·
1276 1327 1338 1414 „orl
1356 1331 1463 1410 pirro

325 1427 434 1518 οἷσπερ
463 1428 550 1498 εἷπον
577 1433 633 1496 καί
656 1435 796 1496 πλείοσιν
815 1434 907 1520 ένέχη
928 1440 1054 1508 κακοῖς·
1083 1429 1144 1514 ἐγώ
1162 1433 1198 1495 δ’
1213 1425 1337 1496 ἅπαντα
1354 1454 1420 1494 πα-

325 1532 445 1618 ριδών,
470 1531 594 1610 ἀξιώσω
615 1530 816 1617 συγγνώμης,
845 1525 925 1596 ἀνά
947 1533 1026 1616 λέγω
1046 1531 1179 1618 ποιήσῃς
1194 1525 1300 1604 αάτός.
1340 1531 1420 1596 ταῦ.

323 1658 364 1696 τα
380 1635 411 1696 d’
430 1633 514 1696 ἐστί·
536 1634 660 1718 πρώτον
677 1634 737 1714 μὲν
753 1619 842 1718 h'pmpv
861 1627 1086 1696 πιστώσασθαι
1110 1626 1170 1715 την
1185 1629 1288 1696 πίστιν
1314 1631 1421 1694 καθα-

246 1746 316 1806 ΜΒ
330 1728 389 1818 ράν
413 1735 456 1820 τῷ
479 1733 610 1819 Χριστῷ
630 1739 753 1815 τηρείνι
782 1726 889 1796 ἔπειτα
906 1727 987 1810 μετά
1013 1732 1127 1814 rorico,
1154 1731 1236 1814 μηδὲ
1265 1727 1340 1816 περὶ
1360 1729 1420 1810 ἐμὲ

329 1829 424 1896 κακὸν
442 1828 646 1917 ὀφθήσεσθαι
664 1831 877 1915 γεγενημένον·
916 1828 1020 1915 τρίτον
1041 1827 1120 1912 μετά
1137 1833 1249 1912 τοῦτο,
1279 1825 1462 1914 sororii-15

327 1935 401 2005 λους
430 1931 504 2012 ε’μοί
541 1933 672 2017 ποιῆσαι
704 1928 781 2005 τούς
804 1927 859 1994 σοί
894 1930 1108 2016 συμπράττειν
1130 1931 1186 1995 καί
1207 1931 1420 2016 προσκεῖσθαι

324 2031 570 2116 προῃρημένους·
591 2029 738 2116 τέταρτον
755 2031 810 2112 δέ,
837 2023 919 2116 ὅρκῳ
937 2025 1162 2095 πιστώσασθαι
1186 2028 1318 2117 δρασμῷ
1335 2025 1420 2112 χρή-

325 2133 442 2194 σεσθαι
467 2131 652 2212 μηδομώς.”
686 2127 764 2212 πρὸς
794 2116 896 2196 ταῦτα
920 2127 1070 2211 βασιλεύς
1095 2127 1113 2192 ἀ
1135 2129 1204 2206 νέος
1227 2126 1419 2212 ἀπεκρίνατο

325 2230 477 2292 τοιαῦτα·
495 2225 663 2313 ,κράτιστε
688 2231 842 2310 βασιλεῦ’,
870 2226 906 2294 τὸ
931 2225 987 2311 τὴν
1011 2227 1117 2292 πίστιν
1141 2221 1246 2310 ὅρκοις
1274 2221 1420 2290 ἀπαιτεῖν

325 2329 487 2410 βεβαιοῦν,
503 2325 580 2412 πρὸς
596 2331 640 2415 τῷ
656 2323 792 2412 σκληρὸν
814 2326 889 2409 ε’μοέ
902 2330 1078 2415 φαίνεσθαι
1093 2328 1148 2391 καί
1157 2325 1215 2411 τη“ν
1225 2323 1336 2411 ψυχην
1354 2326 1463 2389 der-ao

327 2428 388 2500 νώς
403 2426 626 2510 ἐκταράττειν,
648 2423 696 2491 ἔτι
714 2427 771 2490 καί
793 2421 898 2514 ἑαυτῷ
922 2429 1110 2514 περιπίπτει.
1155 2427 1186 2490 εἰ
1210 2426 1270 2507 μὲν
1285 2415 1358 2510 ’γάρ
1384 2426 1420 2489 έν

327 2531 393 2600 τοῖς
412 2522 509 2610 ἱεροῖς
524 2522 581 2590 τὸν
604 2519 698 2612 ὅρκον
727 2519 920 2609 εὐαγγελίοις
942 2523 999 2590 καὶ
1014 2535 1086 2603 ταῖς
1109 2526 1299 2610 σεβασμίαις
1322 2519 1423 2588 εἰκάσι

327 2623 464 2700 κελεύεις
488 2621 600 2688 πιστὸν
623 2629 745 2706 ποιεῖν,
775 2623 862 2714 αάτῷ
883 2621 984 2715 τούτῳ
1007 2624 1081 2713 περὶ
1106 2624 1160 2692 τὸν
1180 2621 1255 2690 θεὸν
1284 2621 1422 2702 πιστόν,

328 2718 461 2790 καὶτὸν
483 2720 622 2810 Χριστὸν
649 2723 864 2806 ἀποδεικνύεις
893 2727 1100 2809 ἐνδεδυμένον
1127 2725 1195 2811 ἐμέ.
1235 2724 1266 2790 εἰ
1289 2725 1320 2788 δ’
1334 2715 1423 2812 άλλιρ

326 2841 459 2896 secessere
478 2845 658 2912 iubentibus,
684 2847 738 2902 duo
762 2846 875 2921 quidem
894 2850 1087 2904 conticuerunt
1113 2863 1145 2900 ec
1161 2837 1337 2909 resederunti
1357 2843 1421 2898 Me·

325 2912 471 2968 litenensis
495 2925 587 2978 autem
608 2919 643 2971 ad
660 2922 854 2988 imperatorem
872 2919 968 2973 adiens
992 2921 1022 2972 in
1041 2935 1135 2976 aurem
1160 2917 1203 2970 illi
1224 2915 1421 2971 insusurravit:

325 2981 453 3046 Videret,
482 2987 550 3058 quid
568 3000 677 3059 κρατεῖς
704 2989 740 3041 ad
765 2989 837 3044 iores
855 2989 990 3044 conclavis
1019 2987 1153 3061 quosdam
1179 2995 1268 3040 astare
1294 2985 1328 3038 de
1353 2985 1422 3038 Visst

324 3055 512 3174 plrincipibus,
536 3075 586 3128 pro
611 3061 721 3116 iuniore
739 3061 905 3129 imperatore
929 3069 1039 3128 paratos
1062 3059 1151 3113 lacere
1181 3067 1209 3110 et
1232 3057 1301 3126 pall·
1319 3057 1420 3110 omnifl-

352 3143 385 3177 oc
410 3129 511 3181 nuntio
538 3140 708 3194 commotus,
733 3131 837 3184 ecolio
857 3131 898 3183 nit
917 3139 1060 3184 cunctatus
1086 3131 1172 3202 surgit
1190 3137 1218 3180 et
1245 3127 1274 3179 in
1301 3126 1421 3180 domuu-

325 3195 415 3246 culam
434 3198 594 3252 interiorem
613 3219 642 3254 se
660 3202 811 3268 recipiens,
838 3202 958 3256 ferisne
979 3206 1053 3254 otem
1080 3218 1142 3252 cum
1168 3199 1350 3252 assessoribus
1375 3215 1422 3250 re-

325 3261 444 3334 linquit:
469 3268 657 3342 adroeatoque
676 3288 774 3341 magno
792 3270 932 3343 logotheta
981 3270 1118 3335 etoehitc,
1138 3280 1167 3324 et
1191 3287 1252 3322 com
1279 3287 1322 3332 eo,
1349 3285 1421 3341 (1⁰³⁰

324 3334 444 3396 volebat,
462 3339 630 3402 collocutus,
649 3341 818 3394 adolescenti
836 3359 887 3411 per
904 3359 968 3395 eum
990 3341 1057 3394 haec
1075 3343 1216 3412 signifieat
1259 3340 1324 3392 Esse
1356 3341 1422 3410 qui-

325 3401 386 3454 dem
407 3405 486 3456 illum
504 3409 548 3470 iis,
567 3428 638 3480 quae
657 3411 797 3474 audisset,
825 3422 854 3464 et
871 3413 998 3482 pluribus
1018 3413 1169 3464 sceleribus
1191 3411 1371 3463 obstrictum:
1391 3425 1421 3462 se

324 3480 418 3527 tomen
435 3479 526 3530 omnia
544 3477 574 3530 ln
592 3482 714 3534 minimis
732 3492 948 3546 numeraturum,
967 3489 996 3534 et
1012 3483 1122 3534 veniam
1140 3499 1186 3534 reo
1203 3481 1240 3532 im
1262 3481 1421 3542 edituum,

325 3542 348 3592 si
367 3561 438 3613 quae
456 3548 624 3614 postularet,
652 3552 761 3604 efficere
780 3553 810 3604 in
829 3555 953 3604 animum
972 3549 1104 3616 inducat,
1131 3569 1229 3622 nempe
1243 3497 1332 3602 haec:
1360 3549 1420 3620 prl-

323 3627 415 3677 mum,
439 3625 471 3669 ut
500 3631 667 3676 sacramento
707 3623 797 3674 firmet
822 3639 852 3674 se
877 3622 987 3674 Christo
1013 3620 1094 3674 fidem
1119 3638 1214 3691 puram
1241 3630 1269 3674 et
1296 3629 1421 3673 sanctam

324 3698 448 3765 εειτιεες
468 3695 545 3752 tum,
571 3690 644 3743 nihil
663 3691 728 3746 mali
755 3692 784 3744 in
808 3709 888 3744 avum
914 3693 1093 3760 moliturum
1118 3693 1236 3755 adhaec,
1255 3708 1350 3746 eorum
1369 3707 1421 3746 uo-

323 3768 415 3817 mina,
435 3760 483 3826 qui
502 3760 601 3828 seipsi
626 3761 760 3815 satellites
778 3779 809 3814 ec
834 3761 976 3824 ministros
1001 3762 1152 3818 facinorum
1177 3764 1299 3817 volentes
1326 3762 1421 3815 lihen-

323 3829 420 3944 tesque
445 3830 638 3897 praebuerint,
661 3832 696 3886 od
721 3829 811 3898 ip'sum
837 3831 1010 3902 ‹lelaturum3
1036 3843 1193 3904 postremo,
1231 3849 1286 3884 non
1312 3849 1341 3884 fle
1361 3831 1420 3883 u¹l⁰

323 3907 368 3946 mo
390 3913 405 3946 o
424 3899 584 3968 fugiturum.
623 3901 666 3952 ad
684 3903 735 3952 ista
754 3901 849 3955 iunior
868 3902 921 3956 hoc
939 3921 1101 3973 responsum
1119 3903 1211 3958 dedit:
1231 3901 1314 3972 Quod
1333 3901 1368 3954 de
1387 3903 1421 3952 fi-

323 3961 357 4016 de
376 3965 405 4019 iu
424 3969 563 4022 Christum
581 3969 765 4026 confirmanda
785 3977 983 4028 sacramentis
1001 3991 1043 4028 me
1063 3974 1222 4048 religionem
1250 3974 1346 4044 exigis,
1366 3975 1420 4023 im·

321 4045 432 4102 perator
447 4041 568 4106 optime,
586 4049 779 4112 praeterquam
819 4041 873 4095 uod
892 4035 991 4098 ‹lururh
1016 4045 1127 4099 videtur
1152 4045 1329 4114 mentemque
1357 4059 1418 4094 rne-

322 4119 365 4155 am
388 4109 519 4161 maiorem
542 4109 573 4160 in
595 4109 708 4163 modum
731 4060 866 4180 percellit,
888 4115 972 4172 etiam
990 4132 1046 4172 non
1064 4113 1193 4168 cohoeret
1218 4123 1247 4167 et
1272 4114 1302 4166 in
1320 4129 1349 4164 se
1372 4115 1418 4182 ip·

322 4189 382 4228 sum
400 4178 513 4234 corruit.
548 4179 578 4230 Si
600 4182 673 4232 cuim
691 4197 735 4234 me
757 4197 808 4251 per
831 4200 905 4237 sacra
930 4186 1069 4256 evangelia
1106 4193 1135 4238 et
1158 4183 1327 4239 venerandas
1353 4201 1417 4235 sau-

323 4250 427 4300 ctorum
444 4249 578 4322 imagines
599 4247 719 4308 fideliter
737 4251 826 4312 iurare
844 4253 940 4323 iubes,
959 4255 1011 4315 hoc
1029 4256 1088 4330 ipso
1108 4257 1206 4332 otique
1223 4257 1283 4314 Deo
1307 4253 1417 4309 fidelem
