3128 4922
313 269 408 336 mv
435 295 438 302 ·
495 293 498 300 ⁴
694 289 699 294 ·
733 263 759 323 1.
787 253 980 324 romani·

398 435 566 519 coniugem
579 430 687 496 hahuit
700 429 832 510 irenen,
862 425 1031 490 Andronici
1046 424 1156 488 Ananis
1174 423 1235 488 viri
1255 419 1395 486 illnsnis·

316 539 405 621 simi,
425 536 528 622 magni
541 531 649 616 ducis,
678 541 709 594 et
722 551 793 593 cnm
806 527 985 590 Andromm
1001 527 1119 588 seniore
1131 527 1309 608 cognatione
1322 542 1397 586 con-

314 640 410 704 iuncti
424 637 528 698 filiun.
567 633 642 696 Fuit
661 633 743 694 enim
756 628 873 692 Asanes
893 646 1029 688 esorore
1043 624 1211 688 Andronici
1223 637 1321 689 natus.
1348 625 1397 688 Ex
1437 661 1441 678 .

314 761 352 802 ea
365 736 487 801 mandit
499 735 611 797 liberos
624 753 694 810 sex,
724 751 823 792 mares
836 741 919 810 tres,
943 725 1069 788 feminas
1082 725 1219 788 totidem.
1261 723 1326 786 lllis
1339 745 1397 786 no-

313 841 397 902 mina
411 839 533 904 nerunt
542 873 565 916 ,·
581 833 773 910 Matthaeus,
805 827 946 910 Manuel,
975 825 1182 888 Andronicus.
1224 822 1326 907 Atque
1345 823 1397 908 hic

313 949 485 1024 postremus
496 937 548 1000 vix
561 934 774 997 duodecimum
788 932 938 1014 attingens
952 947 1078 1008 annum,
1093 947 1164 988 cum
1183 927 1252 988 avia
1272 934 1399 1007 patema

315 1041 350 1102 in
373 1037 542 1100 mstodiam
562 1035 675 1116 datus,
706 1031 900 1118 postmodum
922 1027 1063 1114 pestifera
1086 1025 1137 1091 lue
1158 1047 1214 1108 pu·
1234 1025 1267 1087 id
1279 1036 1400 1107 tempus

177 1197 180 1202 Α
312 1147 471 1221 grassante
490 1136 624 1198 interiit·
654 1133 842 1218 reliquorum
862 1135 956 1216 opera
987 1128 1070 1193 domi
1103 1125 1237 1210 bellique
1267 1124 1401 1188 multum

313 1256 388 1300 usus
417 1245 464 1300 ast
492 1245 591 1320 pater
643 1233 785 1318 Uterque
810 1243 937 1294 ornatur
963 1227 1105 1294 laudibus
1126 1225 1183 1290 lib
1210 1226 1242 1288 ὅ.
1233 1247 1324 1308 ..cap
1350 1223 1402 1292 28.

314 1335 488 1400 Matthaeus
510 1335 659 1398 Demetrii
681 1334 843 1419 despotae,
880 1331 934 1395 lilii
956 1318 1126 1395 Andronici
1153 1328 1276 1390 meionis
1298 1335 1402 1388 natam

314 1437 426 1498 irenen
438 1453 564 1498 uxorem
579 1433 685 1498 duxitr
706 1455 785 1518 quae
797 1433 914 1496 lilios
889 1451 916 1494 er
937 1433 1056 1516 peperit
1077 1428 1175 1507 duos,
1203 1427 1351 1490 loannem
1371 1435 1403 1489 et

314 1536 526 1598 Demetrinma
558 1533 636 1598 libas
655 1544 778 1613 ternas,
803 1553 934 1618 quanm
953 1531 1173 1616 primogenitae
1191 1527 1323 1590 inditum
1344 1547 1403 1588 no·

305 1651 387 1700 men
402 1634 595 1698 Theodorae.
648 1633 837 1696 Matthaenm
857 1643 946 1717 pater
966 1633 1180 1715 imperatorem
1200 1628 1402 1706 renunciavit,

313 1733 458 1819 deditque
480 1735 512 1798 id
531 1735 674 1820 precibus
694 1735 872 1819 praesertim
885 1734 1049 1794 exercitus:
1077 1751 1170 1814 qsrem
1186 1741 1291 1792 tamen
1309 1727 1402 1788 loan-

312 1853 368 1896 nes
383 1833 583 1918 Palaeologua
597 1833 686 1898 heres
701 1834 853 1918 legitimus
875 1833 1004 1916 imperio
1018 1831 1104 1896 abire
1117 1831 1225 1912 coegit.
1266 1823 1404 1888 Munuell

312 1933 408 1996 filiam
421 1935 526 2019 Syrgis
540 1935 616 2017 (init
639 1936 689 1997 hic
712 1935 896 2020 Cypriorum
918 1955 990 2018 rege
1013 1931 1208 2016 procreatus)
1231 1926 1401 2012 despondit.

313 2033 375 2096 Sed
389 2034 421 2096 id
436 2035 622 2096 connubium
636 2036 748 2119 Syrges
770 2047 841 2096 ante
855 2037 978 2117 nuptias
992 2033 1126 2098 rescidit.
1168 2033 1245 2094 Post
1259 2029 1402 2110 Liberos,

314 2131 523 2196 Triballorum
548 2134 746 2219 dynastarum
774 2135 1022 2218 potentissimus,
1061 2131 1156 2196 filiam
1185 2151 1272 2194 suam
1304 2130 1404 2193 eidem

313 2231 450 2294 Manueli
464 2233 644 2319 desponderi
659 2237 764 2318 cupit,
788 2245 818 2298 et
832 2234 1055 2317 despondetur,
1077 2245 1114 2296 ut
1125 2243 1172 2296 eat
1183 2213 1264 2295 libro
1285 2231 1317 2298 3
1332 2249 1401 2314 cap.

312 2329 381 2411 dii.-
410 2332 565 2396 Hactenus
578 2335 618 2398 de
633 2336 780 2398 maribus.
814 2334 992 2398 Puellarum
1003 2335 1235 2398 triumnomina
1249 2341 1319 2395 sunt
1334 2333 1404 2392 Ma·

312 2433 379 2510 ria,
403 2432 587 2516 Theodora,
619 2434 750 2498 Helena.
790 2434 928 2497 Primam
943 2434 1116 2518 Nicephoro
1130 2435 1254 2514 Durae,
1278 2429 1403 2494 loannis

311 2529 465 2614 Despotae
476 2533 552 2615 tilio,
563 2535 754 2598 Acarnaniae
766 2537 909 2618 principi,
925 2533 1062 2598 nondum
1078 2519 1269 2618 septennium
1283 2551 1403 2615 egresso

311 2641 418 2711 pactus
433 2643 489 2694 est.
532 2632 671 2698 Alteram
686 2635 824 2698 Orcheni
840 2635 972 2717 Persae,
1001 2655 1056 2698 seu
1069 2636 1191 2698 Turcae
1204 2635 1326 2718 potius,
1348 2631 1404 2692 Bi·

310 2729 437 2813 thyniae
450 2733 575 2796 domino
588 2735 732 2798 tradidit:
763 2739 850 2798 cuim
864 2737 973 2819 opibus
988 2757 1054 2798 rem
1076 2757 1164 2798 anam
1186 2749 1403 2817 saepenumero

311 2833 491 2894 sustentavit
519 2843 611 2916 atque
633 2835 850 2898 constabilivit.
905 2837 1097 2899 Postremam
1119 2856 1190 2899 cum
1205 2835 1321 2896 loannc
1340 2831 1404 2894 Pa·

310 2925 448 3014 laeologo
469 2933 673 3016 imperatore,
689 2957 839 2997 annorum
861 2937 1035 3019 quindecim
1057 2934 1259 3014 adolescente,
1274 2935 1403 2996 coniun-

311 3030 377 3111 xit,
406 3053 499 3115 quem
513 3033 618 3096 laudat
632 3034 687 3096 lib.
705 3034 738 3115 4.
754 3057 823 3118 cap.
844 3057 872 3097 r.
913 3036 961 3098 Ex
976 3057 1013 3098 eo
1035 3037 1230 3098 matrimonio
1245 3032 1403 3094 Androni·

309 3147 384 3208 cua,
416 3132 561 3212 Mauuel,
593 3135 743 3216 loannes,
773 3137 948 3198 Demetrius
962 3135 1036 3216 lilii,
1066 3147 1098 3198 et
1112 3137 1201 3196 irene
1214 3133 1276 3196 iilia
1289 3152 1405 3216 propa-

310 3229 373 3308 gati
397 3239 481 3292 sunt.
523 3233 617 3294 Suam
640 3238 753 3317 cuique
774 3239 869 3297 trium
892 3235 1024 3298 filiarum
1046 3232 1231 3320 peculiarem
1251 3233 1402 3295 laudatio-

308 3346 381 3388 nem
393 3330 540 3413 impertit,
559 3331 740 3396 Theodorae
754 3333 809 3397 lib.
824 3337 856 3398 3.
869 3343 940 3421 capi
956 3335 1024 3421 95„
1047 3337 1182 3418 Helenae
1202 3334 1308 3396 eodem
1322 3332 1403 3394 librn

308 3447 379 3508 cup
398 3427 471 3510 δῷ,
493 3432 629 3512 Mariae,
655 3455 733 3517 qrrac
753 3437 888 3498 adversis
908 3437 1027 3500 casibrn
1050 3447 1176 3518 propter
1189 3453 1320 3517 nequam
1335 3453 1402 3495 rna·

307 3527 402 3587 ritum
416 3529 547 3612 lactata,
575 3535 700 3597 tandem
721 3556 758 3598 eo
780 3540 880 3600 occiso
894 3559 965 3600 cum
978 3545 1077 3600 matre
1090 3534 1271 3598 monacham
1283 3536 1403 3618 Byzan-

308 3627 798 3718 ffimutmu·
946 3639 949 3649 ’

390 3726 548 3814 Principio
569 3733 739 3797 Andronici
765 3739 816 3801 avi
841 3735 972 3800 cubiculi
999 3737 1077 3800 sacri
1111 3694 1299 3820 praepositus
1322 3677 1400 3797 suita

306 3826 416 3890 deinde
438 3829 607 3896 Andronici
629 3838 748 3919 nepotis
770 3839 865 3919 (cuius
886 3838 1008 3904 videtur
1028 3839 1167 3918 cosmus)
1192 3857 1319 3921 magnus
1342 3834 1399 3896 do-

306 3929 461 3991 mesticus.
504 3931 670 3996 Thraciam
680 3936 853 4018 praefectus
876 3959 930 3998 seu
954 3939 1297 4022 praetergubernavit.
1325 3937 1400 3997 Fuit

304 4025 378 4087 item
402 4032 543 4115 princeps
563 4031 688 4097 militiae
710 4037 942 4117 imperatoriae,
970 4043 1034 4103 sire
1055 4041 1212 4122 copiarum
1232 4038 1293 4100 dur
1311 4057 1396 4097 surn-

305 4143 384 4190 mua.
427 4127 606 4195 Auctoritas
617 4135 699 4215 cius,
727 4145 859 4221 potatas
874 4147 904 4200 et
919 4140 1096 4202 existimatio
1111 4137 1314 4204 incredibilisr
1336 4137 1392 4218 itu,
