3082 4940
456 327 742 396 fflsrourauuu
774 333 814 394 ιι.
845 335 899 400 ιο.
1149 297 1235 416 559

140 483 181 550 τύ
197 483 312 567 βελτίω
320 484 443 548 πείθειν
457 482 677 570 συμβουλεύει,
696 487 861 568 „narium”
882 477 949 552 εἶπε
959 459 1114 566 ,τοιαῦτα
1130 487 1271 567 terrant.
1281 492 1380 564 (λιλλι

140 581 178 660 ὃς
196 581 271 668 γὰρ,
290 582 351 646 roe
372 578 468 668 φίλου
486 583 668 665 τεθνεῶτος,
686 581 732 668 μὴ
751 581 826 660 τούς
846 582 956 672 φιλίας
972 590 1067 669 τηρεῖ
1080 579 1266 666 &aemalae

141 673 233 758 ούτος
253 683 329 748 sets
349 684 467 762 ζούντος
486 675 526 768 ἦν
547 684 639 768 φιλας
659 675 814 770 siluerit?
842 680 923 772 πρὸς
941 687 1001 766 μὲν
1023 677 1083 748 ούν
1105 681 1161 748 τὸν
1179 685 1240 763 μέ-

142 807 201 868 γαν
220 782 406 866 δομέσςικον
427 777 520 849 ούδέν
540 780 590 848 ἔτι
608 777 713 867 εἶπεν,
748 778 848 860 ούτως
874 785 1039 870 ἐμβριθεῖς
1066 779 1242 866 ἀποκρινού-

121 886 244 966 busane·
261 885 305 970 ,τῇ
317 881 416 968 μητρί
428 883 465 947 δὲ
478 875 581 948 αύτού
594 881 789 969 προσελθών,
809 883 850 950 τύ
865 879 920 949 ἴσα
934 883 1092 967 ἐπεχείρει
1104 885 1240 960 πείθειν,

140 983 288 1065 οἰόμενος,
306 975 347 1048 δν
361 981 480 1068 ταύτην
487 989 596 1049 πείσαι
610 985 744 1072 δυνηθῇ,
764 980 801 1048 τύ
815 981 1067 1066 σπουδαζόμενον
1081 980 1241 1066 ἤνυκέναι,

141 1075 186 1157 sig
202 1079 260 1144 ούκ
274 1072 314 1146 δν
327 1079 527 1160 ἀντειπόντος
539 1083 597 1146 τού
611 1079 688 1148 υῖού
703 1077 764 1166 ύ,τι
774 1075 815 1148 ἄν
829 1077 869 1172 τῇ
881 1085 981 1168 μητρί
994 1083 1100 1166 δοκοιή
1114 1085 1170 1146 καί
1182 1085 1241 1146 λυ-

141 1182 263 1256 σιτελές
284 1175 366 1261 ύμυύ
389 1182 445 1246 καὶ
472 1182 611 1247 δίκαιον.
656 1180 700 1260 ούς
720 1184 757 1246 δέ
781 1185 837 1251 κοί
855 1187 932 1268 παρ’
949 1179 1068 1270 ἐκείνης
1089 1181 1146 1265 τῆς
1169 1177 1240 1264 ἴσης
1272 1245 1274 1250 ,
1320 1195 1324 1202 “

142 1276 254 1362 ἔτυχεν
276 1277 447 1363 ἀπολογίας
466 1271 489 1365 ἢ
505 1277 561 1346 καί
578 1273 832 1369 αύοτηροτέρας,
867 1278 911 1368 μῆ
936 1282 1071 1348 τοιαῦτα
1093 1277 1241 1344 κελευού-

108 1395 202 1462 ῐοσης
217 1378 454 1462 συμβουλεύειν,
473 1373 497 1443 ἃ
510 1377 557 1464 μὴ
568 1381 728 1466 συμφέρει
742 1379 890 1465 πρέπειν
904 1375 961 1445 τύν
975 1377 1057 1462 uida,
1079 1380 1240 1454 namstede

143 1474 298 1560 ἀπέσχετο
309 1478 365 1561 τῆς
377 1479 507 1562 πείρας.
535 1475 666 1563 ύμέγας
682 1479 717 1544 δέ
737 1479 919 1562 δομέστικος
933 1476 1016 1564 δρῶν
1028 1470 1089 1564 ἤδη
1106 1479 1242 1559 βασιλέα

141 1575 179 1640 έν
190 1577 261 1664 χρῷ
274 1571 422 1640 κινδύνου
436 1578 633 1659 καθεστῶτα,
647 1576 703 1642 καί
714 1573 851 1644 συνιδιύν
865 1575 910 1654 air
922 1577 1065 1658 μάλιστα
1081 1577 1269 1660 προσῆκονλ)

141 1673 207 1739 τοῖν
219 1676 377 1758 βασιλέως
388 1674 511 1740 παίδων
524 1675 676 1762 πρόνοιαν
688 1663 886 1762 ποιήσασθαι
899 1675 955 1742 καί
962 1677 1020 1763 τῆς
1035 1676 1147 1763 ἀρχῆς,
1159 1669 1242 1742 Ἀν-

141 1793 180 1858 ap
193 1771 386 1858 τῇβασιλυδι
397 1771 583 1859 προσελθὸν
596 1774 763 1865 θρηνούση
776 1778 831 1842 καί
849 1771 1039 1864 ὀδυρομένῃ,
1051 1773 1093 1858 „d
1108 1775 1169 1856 μέν
1178 1797 1240 1838 πα·

36 1946 39 1954 ,
107 1867 232 1955 ιύρυύν”
247 1865 316 1936 εἶπε
335 1871 468 1958 ,καιρὸς
491 1873 530 1938 ού
553 1874 691 1952 πένθους
709 1876 785 1942 vett
806 1875 952 1962 duxerim
971 1867 1053 1941 εἶναι
1067 1896 1124 1956 μοι
1146 1877 1241 1940 deae&

142 1961 274 2056 ύστερον
285 1969 347 2058 γὰρ
360 1971 438 2057 ἡμῖν
450 1975 585 2059 ἐξέσται,
598 1975 630 2041 εί
638 1971 685 2060 μὴ
703 1972 781 2052 θεὸς
798 1975 972 2054 ἀπαλλάξει
985 1977 1044 2060 τῆς
1059 1977 1242 2060 προσδοκω-

101 2111 104 2118 ·
145 2071 241 2155 μένης
269 2073 439 2159 συμφορᾶς
480 2075 575 2141 ἵλεων
607 2071 685 2160 ἡμῖν
703 2067 827 2142 ἄνωθεν
859 2072 1059 2159 ἐπιβλέψας,
1089 2073 1242 2158 ὀδυρμῶν

143 2169 201 2232 καί
220 2168 368 2252 δακρύων
387 2169 650 2256 ἇναπιμπλασβαι
678 2171 759 2240 κατὰ
795 2176 925 2258 σχολήν·
967 2169 1004 2240 τύ
1028 2176 1064 2240 δέ
1084 2173 1143 2239 νύν
1167 2171 1242 2255 ἔχον

143 2259 232 2331 εἶναί
247 2283 307 2350 μοι
324 2269 413 2334 δοκεῖ
426 2273 582 2358 προσῆκον
594 2273 775 2360 depelletur
795 2271 993 2360 ποιήσασθαι
1004 2275 1067 2338 τῶν
1086 2273 1241 2355 βασιλέως

107 2367 282 2433 sanutus.
322 2365 462 2451 μάλιστα
486 2373 546 2453 μὲν
579 2369 640 2460 γὰρ
671 2367 786 2440 ούδένα
811 2374 978 2456 Ῥωμαίων
1004 2369 1241 2455 ἐπιβουλεύσειν

146 2461 274 2532 οἴεσθαι
312 2465 409 2553 ἡμῖν,
435 2472 576 2552 μάλιστα
611 2473 723 2553 ζυύντος
753 2475 836 2558 έμού
862 2475 919 2540 καί
944 2467 1098 2560 παρόντος
1124 2468 1242 2536 ένθύδε

142 2565 213 2632 νύν·
252 2569 283 2632 εἰ
312 2567 343 2632 δ’
370 2557 436 2655 εἶρα
455 2571 513 2638 κατ’
530 2573 671 2638 τοιοῦτον
690 2570 833 2660 συμβαίη
853 2597 906 2655 τι,
934 2575 1058 2656 βέλτιον
1087 2567 1163 2656 περὶ
1181 2569 1242 2634 σού

143 2659 245 2752 μόνην
262 2659 349 2732 εἶναί
363 2687 419 2748 μοι
436 2666 493 2753 τὴν
509 2673 680 2756 φροντίδα,
700 2675 756 2736 καί
782 2670 828 2756 μὴ
849 2669 976 2737 πάντων
991 2665 1073 2754 ύμού
1093 2667 1149 2735 καί
1166 2667 1341 2758 παί-Μςρ

219 2833 261 2888 19.
279 2817 419 2887 βασιλίσιν
435 2819 588 2893 legebatur.

147 2941 189 2998 te.
208 2937 307 3007 cessa,
325 2942 430 3016 iuquit:
451 2945 501 3016 qni
518 2945 593 2998 enlm
611 2947 700 3000 amieo
719 2953 827 3000 mortue
848 2946 921 3016 leges
947 2945 1084 2998 amicitlse
1103 2959 1161 2998 uon
1179 2961 1239 2998 ser-

146 3017 208 3073 vat,
227 3009 275 3064 bie
305 3028 356 3065 uec
375 3015 516 3069 viverere
537 3017 722 3072 amicuserat,
759 3017 806 3071 Sle
824 3016 1004 3088 Apoeaucirus
1028 3017 1161 3087 gravitate
1194 3031 1239 3067 re·

145 3083 240 3148 sponsi
258 3083 419 3150 deterritus,
430 3103 527 3158 magno
547 3087 696 3149 domestico
715 3089 845 3140 molestus
858 3087 1024 3142 essedariis
1060 3085 1115 3140 Sed
1125 3094 1239 3138 matrem

146 3151 207 3202 eius
226 3157 407 3219 couveniens,
419 3157 492 3212 idem
511 3157 556 3210 illi
568 3157 732 3227 persuadere
753 3158 913 3221 nitebatur,
930 3168 1019 3222 ratus,
1045 3158 1069 3210 si
1092 3155 1123 3210 id
1141 3173 1238 3209 couse-

146 3231 297 3290 queretur,
312 3225 388 3298 quod
407 3229 557 3286 studuisset
582 3229 736 3299 perfeetum
763 3227 933 3282 habitururn:
963 3245 1020 3282 unu
1046 3230 1119 3281 enim
1150 3227 1236 3278 filium

144 3291 229 3345 matri
263 3295 514 3364 contradicturum,
532 3299 556 3352 si
576 3299 644 3372 quid
665 3299 713 3351 illa
734 3307 765 3352 ut
784 3299 852 3352 utile
878 3307 907 3352 et
929 3301 1031 3352 iustum
1059 3299 1236 3365 probavisset.

145 3361 293 3436 Postquam
309 3367 344 3419 sb
362 3367 411 3420 illa
421 3372 511 3423 simile
531 3369 667 3424 ueletiam
686 3371 805 3424 severius
829 3385 990 3438 responsum
1003 3370 1088 3434 tulit,
1121 3368 1237 3421 iubente

145 3449 184 3488 ne
201 3440 268 3491 talia
285 3437 431 3506 suaderet,
469 3458 520 3494 uae
537 3440 628 3495 faeere
661 3441 719 3494 filie
752 3457 809 3493 non
832 3439 1009 3506 conduceret,
1034 3459 1051 3493 a
1079 3441 1236 3494 tentatione

148 3520 259 3576 prorsus
276 3509 417 3564 abstinuit.
482 3529 564 3582 agnus
583 3524 663 3580 porro
682 3511 845 3566 domesticus
868 3512 1060 3581 imperatorem
1082 3512 1136 3564 iam
1158 3507 1235 3562 letho
1348 3512 1355 3528 ‘

170 3581 304 3632 mximum
322 3596 435 3634 cerneus
458 3591 486 3636 et
507 3581 708 3653 providendum
728 3585 845 3635 maxime
862 3584 921 3635 eius
937 3583 1033 3636 liberis
1061 3590 1091 3635 et
1115 3581 1154 3632 im
1176 3581 1234 3632 erio

148 3593 326 3721 intelligens,
343 3649 378 3703 ad
395 3651 501 3704 Annam
513 3655 658 3724 Augustam
679 3653 791 3706 dentem
808 3670 840 3706 ac
862 3653 1057 3706 lamentantem
1085 3599 1234 3713 accedens,

147 3719 211 3773 Non
226 3721 294 3775 mibi
309 3721 463 3775 iamluetus
484 3731 513 3776 et
529 3723 700 3776 lacrimarum
719 3729 824 3792 tempus
850 3721 976 3787 videtur,
1006 3722 1115 3795 inquit:
1144 3721 1235 3774 adhue

148 3792 223 3845 enim
236 3793 349 3857 licebit,
367 3793 421 3846 uisi
438 3793 511 3846 Deus
527 3794 561 3848 ab
573 3793 750 3862 impendente
760 3794 914 3846 calamitate
924 3811 974 3846 nos
990 3793 1092 3845 liberet
1110 3809 1142 3846 ac
1168 3808 1236 3861 pro-

147 3865 233 3932 pitius
254 3865 289 3918 de
308 3866 382 3920 caele
395 3865 538 3934 respiciat,
557 3865 706 3919 eiulatibus
722 3872 750 3917 et
762 3864 915 3934 ploratibus
931 3864 997 3916 satis
1014 3863 1064 3915 diu
1082 3861 1235 3928 indulgere.

147 3937 329 4010 lnjpraerensi
340 3951 459 4007 aequum
489 3934 602 4000 iudice,
627 3951 728 4006 pueros
749 3933 926 4006 imperatores
954 3935 985 3986 in
1009 3941 1070 3986 tute
1092 3933 1234 3986 collocare.

147 4005 323 4078 nequidem
339 4009 401 4061 vivo
421 4014 450 4058 et
463 4003 509 4059 hie
530 4021 604 4060 nuuc
618 4012 780 4078 praesente,
798 4006 934 4058 nemiuem
954 4005 1133 4059 Romanorum
1154 4001 1237 4054 nobis

147 4075 340 4138 insidiaturum
357 4075 509 4149 putandum
523 4083 570 4128 est
608 4077 658 4130 Sin
675 4077 783 4146 aliquid
806 4073 963 4130 huiusmodi
984 4075 1148 4144 eontigerit,
1167 4069 1237 4142 quid

147 4150 358 4220 praestabilius,
376 4157 404 4200 te
418 4147 504 4200 solam
519 4145 587 4198 mibi
598 4163 678 4200 curae
697 4162 772 4212 esse,
791 4161 827 4199 an
845 4149 935 4201 emnia
948 4144 1046 4209 simul,
1063 4153 1107 4208 te,
1120 4146 1236 4214 iuquam

149 4225 179 4272 et
195 4218 268 4274 lilios
286 4227 315 4274 et
336 4219 488 4291 imperium.
524 4217 596 4272 Tum
628 4221 762 4288 Augusta,
785 4215 840 4270 ribi
865 4219 965 4274 mirum
985 4215 1131 4281 aceldere,
1160 4209 1237 4285 quod
