3082 4940
449 281 734 352 unrommum
764 291 804 352 ιι.
826 289 878 358 ιο.
1128 265 1213 382 487

119 433 249 518 δδιοίτης
264 433 429 516 ‘Panassa
449 437 602 529 δδικὴση,
624 435 687 505 οἷπδ
708 443 772 506 τάν
788 439 968 530 προσόντων
988 442 1078 536 πάτερ’
1098 446 1280 532 swerd-M.
1295 455 1363 527 eat

118 555 184 596 των
213 527 235 618 ἢ
254 523 456 620 πραγμάτων
476 535 535 622 τήν
562 541 676 624 ζημίαν
695 543 931 624 ἀπολαμβάνειν
949 541 1007 610 τάν
1033 545 1214 629 Ῥωμαῖον.

118 623 159 696 dr
180 635 217 696 δὲ
236 637 292 698 καί
310 638 349 722 τῇ
368 639 515 726 βασιλεία
535 637 707 720 Ῥωμαίων
726 639 784 724 τὴν
805 641 921 725 ζημίαν
941 647 1074 732 προξενῇ
1111 641 1133 732 ἢ
1154 649 1211 732 νῆ-

117 754 175 796 σον
197 727 420 820 διαρπάζωνῆ
440 735 532 801 πόλιν
551 736 624 802 τινά
646 738 803 826 παράλιον
823 733 844 824 ἦ
864 765 894 806 τι
914 745 1039 830 ἕτερον,
1067 746 1120 810 τὸν
1142 742 1213 813 ἴσον
1284 763 1287 770 ’

95 833 235 918 ὅτρόπον
259 827 323 898 dard
344 838 409 902 τοῖν
429 835 555 902 ἐκείνων
575 837 738 924 κτημάτων
758 838 814 904 καί
833 841 1038 926 πραγμάτων,
1061 844 1092 908 εἰ
1104 847 1218 912 πολλοί

115 926 181 998 εἶεν
201 927 224 1018 ἢ
245 927 307 1017 εἷς,
336 935 393 1022 τὴν
415 938 530 1022 ζημίαν
550 938 781 1004 οἷποτίννυσθαι
800 945 943 1025 βασιλεῖ,
973 941 1073 1007 αάτόν
1094 945 1132 1008 δέ
1151 961 1215 1030 ψη-

116 1033 270 1118 φίζεσθαι
297 1039 445 1118 πολέμων
475 1041 520 1126 τῷ
550 1037 640 1128 δήμῳ
661 1043 718 1104 καί
744 1041 782 1127 τῇ
802 1044 922 1129 βουλῇ,
957 1043 1014 1108 καί
1032 1043 1239 1132 στρατεύεινῐ)

115 1133 167 1196 ἔπ’
187 1134 304 1200 ἐκεῖνον
324 1133 370 1211 οὓς
386 1127 525 1203 durator
545 1137 602 1202 καί
620 1138 778 1226 προδότην
800 1142 857 1206 τοῦ
877 1145 984 1208 κοινοῦ
991 1189 1000 1208 .
1027 1135 1067 1208 οὗ
1088 1140 1128 1228 δη
1149 1145 1216 1208 ἓνε-

115 1255 157 1294 κα
177 1229 233 1297 καί
251 1236 386 1316 βασιλέα
405 1234 575 1322 πρεσβείαν
595 1236 675 1324 πρδς
694 1243 725 1306 Γ
722 1241 854 1314 ε’ννουαν
874 1235 1115 1325 ἀπεσταλκέναι,
1136 1236 1215 1308 ὥστε

75 1328 160 1418 rope)
179 1329 278 1414 μόνον
296 1330 338 1398 τά
358 1334 501 1421 κτήματα
522 1335 613 1420 ὑμῶν
633 1340 695 1405 τῶν
712 1331 884 1424 χρημάτων
900 1343 989 1407 ἕνεκα
1004 1329 1050 1406 ὧν
1072 1335 1215 1408 ἀνάλωσε

113 1435 260 1514 πολεμῶν
278 1432 358 1514 δμῑν
378 1440 593 1520 παραλαβεῖν,
623 1433 706 1503 ἀλλὰ
729 1441 786 1504 καί
806 1437 946 1527 τριήρεις
966 1441 1114 1504 κελεῦσαι
1134 1442 1215 1526 πέμ·
1271 1428 1277 1439 ’

112 1545 180 1613 ψαι
198 1537 272 1597 καθ’
294 1531 385 1616 ὑμῶν
405 1532 486 1600 κατὰ
507 1531 548 1600 τά
570 1535 759 1621 συγκείμενα
779 1535 836 1604 καί
861 1535 935 1615 toda
957 1531 1091 1624 ὅρκους.
1130 1531 1213 1604 ὥστε
1288 1618 1290 1624 ‚
1374 1619 1376 1624 Ι

113 1631 150 1695 ἔκ
170 1633 203 1696 Γ
199 1628 328 1710 εννοάας
348 1633 387 1698 οδ
406 1631 507 1715 μόνον
527 1634 712 1722 ἐπικουρίαν
733 1634 906 1720 οδδεμίαν,
935 1629 1015 1702 ἀλλά
1047 1639 1103 1704 καί
1121 1635 1211 1702 πόλε-

113 1754 176 1812 μον
195 1734 251 1797 καί
269 1730 424 1801 ε’πίπλουν
443 1737 621 1826 προσδοκᾷν
641 1736 715 1822 χρη.
743 1730 793 1802 ὅτι
814 1739 850 1802 δὲ
870 1735 925 1802 καί
943 1738 1009 1803 τάν
1029 1738 1214 1820 §armenos

76 1834 172 1898 ιᾶνῦν
200 1855 235 1895 τε
265 1832 382 1910 ε’νδέεϊς
411 1833 484 1899 ἕστε
510 1837 663 1918 κείμεν’
692 1835 797 1920 ὀλίγον
816 1836 974 1920 έπιλεάμει
986 1838 1155 1912 1παντελῶς
1174 1831 1214 1900 si·-

111 1936 195 2014 μοῖς,
216 1932 250 2012 ἐξ
270 1931 378 1998 αὐτῶν
398 1924 439 1998 dv
458 1957 508 2011 τις
527 1936 591 2000 τῶν
612 1931 811 2020 πραγμάτων
827 1936 1025 2021 άληδέστατα
1045 1935 1214 2024 τεημὴρσι-

113 2055 166 2101 το.
211 2030 242 2096 οἱ
262 2029 322 2119 γάρ
344 2035 544 2111 ἐξελαθέντες
562 2037 619 2101 τοῦ
635 2027 746 2112 άστεος
766 2035 824 2122 ὑφ’
848 2031 938 2118 ὑμῶν
955 2034 1133 2119 Ῥωμαῖοι,
1166 2025 1212 2102 dv

112 2126 208 2196 ὀὗτοί
226 2128 267 2196 τά
288 2133 452 2216 ἐπιτήδεια
474 2134 626 2216 λαβόντες
644 2139 787 2221 χρῆσθε,
819 2131 855 2201 τὸ
877 2138 994 2222 μέτρον
1012 2138 1068 2218 τῆς
1087 2135 1314 2221 τροφῆςΡΜ

110 2228 195 2317 πρὸς
214 2227 251 2295 ed
273 2233 337 2296 τάν
356 2235 629 2316 πολιορκουμένων
652 2239 775 2320 πλῆθος
801 2234 1010 2318 λογιζόμενοι,
1038 2230 1122 2312 ε’ντδς
1145 2231 1213 2298 tal,

69 2353 173 2414 noyers
191 2329 310 2415 χρόνον
332 2328 521 2414 παντάπασί
536 2357 636 2420 φασιν
655 2334 741 2416 ὑμᾶς
761 2333 799 2400 τά
824 2335 909 2402 σιτία
931 2335 1115 2418 ἐπιλείψειν.
1129 2401 1133 2410 ,
1146 2337 1213 2401 λεί·

110 2453 209 2496 πεται
230 2427 269 2515 δὴ
292 2431 372 2512 μίαν
405 2425 633 2498 δπολειπεσδαι
653 2435 777 2498 Ιἐλπίδα
804 2432 982 2519 σωτηρίας,
1008 2429 1042 2498 ad
1074 2433 1212 2517 βασιλέα

111 2526 341 2620 ῥᾳδυμὴσαντα
363 2523 386 2619 ἢ
407 2527 462 2598 διά
483 2529 519 2599 ed
539 2536 605 2600 τάν
624 2533 1022 2618 άναλισκομένωνπληδος
1036 2533 1210 2621 χρημάτων

110 2719 150 2770 tis
168 2720 241 2771 enirn
258 2720 420 2790 planissime
438 2721 526 2792 pactis
545 2727 574 2774 et
594 2720 853 2794 foederibus,'qnao
872 2737 932 2778 eum
950 2723 1069 2786 ilpm'ano
1082 2717 1207 2794 imperio

110 2799 222 2843 senatos
247 2792 421 2863 populusque
440 2791 607 2844 Genuatium
630 2793 704 2860 pacis
734 2809 814 2844 causo
838 2792 921 2853 lecit,
946 2797 1056 2861 praeter
1069 2789 1129 2839 'elin
1153 2787 1209 2840 laon

112 2861 198 2912 etiam
223 2863 377 2926 contineri,
404 2871 436 2916 ut
455 2879 599 2918 eommune
623 2865 744 2932 ipsorum
770 2879 826 2916 non
850 2860 934 2912 modo
961 2861 1067 2926 nullum
1086 2861 1207 2918 Romano

111 2931 231 3001 imperio
250 2932 447 2985 detrimentum
471 2933 634 2988 damnumve
658 2933 809 3002 importet,
843 2933 866 2984 si
893 2932 996 2983 nullam
1015 2930 1083 2982 belli
1105 2928 1208 2981 occasi·

110 3019 196 3056 onem
215 3003 337 3066 dederit,
357 3004 405 3057 sed
427 3003 450 3056 si
495 3005 538 3056 uis
558 3005 642 3056 etiam
660 3005 783 3072 privatus
807 3005 956 3054 Romanum
974 3001 1128 3071 quempiam
1149 3000 1209 3051 lae-

111 3073 197 3136 serit,
216 3083 248 3126 ut
265 3074 300 3126 de
318 3021 538 3144 possessiondbus
556 3083 605 3126 aut
623 3074 802 3126 facultatibus
822 3075 881 3124 eius
893 3075 1013 3130 llornano
1033 3072 1135 3122 mulcta
1151 3070 1209 3124 eol·

112 3152 202 3197 vatur.
240 3146 287 3197 Sin
307 3145 423 3217 impeeio
436 3147 555 3198 Romano
575 3144 787 3198 detrimentosus
806 3144 940 3206 extiterit,
961 3152 1009 3194 aut
1025 3142 1140 3194 insulam
1161 3143 1209 3194 aot

112 3217 279 3266 maritimam
299 3215 395 3268 urbem
416 3224 465 3268 aut
484 3217 560 3268 aliud
579 3215 727 3284 diripiens,
755 3224 787 3268 ut
813 3214 907 3268 eadem
926 3215 1033 3266 ratione
1052 3211 1086 3264 tle
1114 3227 1208 3266 eorum

112 3287 335 3354 possessionibus
353 3296 401 3340 nul
419 3287 613 3351 facultatibus,
633 3304 680 3340 seu
699 3288 791 3356 plures
815 3303 863 3338 seu
893 3303 963 3336 unus
983 3283 1126 3335 dumtaxat
1142 3281 1205 3334 lue·

112 3357 168 3418 rit,
188 3357 347 3426 imperatori
364 3358 478 3410 satisfiat
496 3360 610 3427 ipseque
630 3377 645 3410 a
666 3367 761 3424 senatu
780 3356 940 3426 populoque
963 3355 1102 3408 Genuensi
1120 3349 1207 3406 hostis

109 3425 268 3489 iudicetur,
292 3436 320 3480 et
346 3445 419 3483 arma
446 3429 476 3482 in
497 3429 576 3480 illum
597 3437 626 3480 ut
647 3427 781 3498 pertidum
800 3445 832 3480 ae
850 3427 1018 3497 reipublicae
1037 3422 1207 3494 proditorem

110 3499 264 3566 capiantur.
302 3497 386 3552 Cuius
406 3501 445 3552 rei
461 3501 548 3566 gratia
564 3508 592 3552 et
609 3502 799 3568 imperatorem
819 3498 854 3552 ad
868 3499 1027 3550 Genuensea
1042 3496 1207 3564 legationem

107 3569 218 3620 misisse
237 3570 343 3627 nostis,
360 3588 418 3622 non
436 3571 522 3624 solum
543 3578 575 3622 nt
592 3569 692 3626 fundos
712 3579 741 3622 et
767 3571 846 3622 villas
865 3579 968 3621 vestras
988 3566 1022 3620 ad
1044 3565 1206 3622 reficiendos

101 3647 254 3708 sumptus,
272 3637 336 3691 dnm
353 3640 493 3698 vobiscum
512 3641 675 3711 belligerat,
692 3641 821 3693 toleratos
841 3641 975 3710 recipiat,
995 3635 1043 3688 sed
1062 3653 1108 3688 eos
1126 3638 1206 3688 insu-

109 3726 163 3780 per
180 3709 215 3760 ad
234 3710 356 3762 triremes
375 3712 679 3778 secundumlconvcntn
698 3720 725 3764 et
744 3713 897 3764 iuramenta
915 3718 1009 3762 eontra
1026 3721 1072 3757 vos
1091 3707 1205 3758 mitten-

111 3779 162 3832 das
183 3780 332 3850 impulisse.
399 3784 554 3835 uasnobrem
582 3799 638 3838 non
666 3779 955 3841 subsidium-Genua,
981 3776 1028 3830 sed
1053 3775 1156 3828 bellum
1176 3783 1206 3834 et

108 3849 221 3902 hostilis
241 3850 414 3922 adnavigatro
433 3855 517 3924 magis
537 3853 719 3923 exspectanda
735 3853 812 3904 vobis
824 3859 874 3903 est.
909 3851 992 3902 Porro
1012 3855 1039 3900 et
1055 3849 1143 3900 vietus
1157 3848 1204 3898 in-

110 3921 181 3992 opie
197 3937 243 3974 vos
262 3921 401 3984 laborare,
426 3926 564 3994 pauloque
583 3933 646 3994 poet
664 3921 739 3995 quod
756 3921 898 3977 haesitetis
912 3937 970 3972 non
994 3917 1152 3981 habituros,
1170 3933 1205 3974 ex

111 3993 220 4062 reipsa
238 3992 301 4045 duci
319 4003 507 4062 argumentum
527 3995 707 4048 certissimum
728 4000 826 4063 potest
863 3991 939 4061 Quos
958 3991 1032 4043 enim
1052 3989 1118 4041 urbe
1137 4005 1204 4040 exe-

111 4062 191 4133 gistis
211 4064 343 4126 Romani,
362 4081 534 4133 quorumque
552 4066 691 4118 alimentis
710 4064 854 4126 fruimini,
879 4077 1032 4117 mensuram
1057 4060 1204 4112 alimoniae

111 4150 176 4184 eum
195 4133 365 4188 obsessorum
384 4135 563 4188 multitudine
582 4133 790 4198 contendentes,
809 4135 882 4186 intra
900 4131 982 4184 breve
996 4140 1101 4200 tempus
1114 4130 1204 4182 omni-

105 4201 203 4260 modis
220 4214 372 4260 commeatu
392 4221 440 4262 ros
460 4206 592 4260 carituros
605 4207 750 4262 affirmant.
786 4205 856 4275 Ergo
873 4201 943 4258 haee
956 4219 1010 4258 una
1027 4218 1088 4274 spes
1107 4200 1203 4256 salutis
