3114 4930
462 325 743 394 uismmlauu
773 333 798 394 1.
828 337 877 401 m.
968 273 972 288 ’
1162 299 1214 384 tis

145 505 215 566 σης,
236 483 378 548 mbas
393 481 469 567 πρὸς
491 484 579 559 τέλος
593 481 723 564 ἐξάγειν
744 485 800 548 καί
819 483 1069 572 προενσνρότιορ
1083 485 1145 566 μὲν
1162 471 1257 550 esi·L
1269 469 1365 528 (Μ

143 579 202 656 dds,-
218 579 356 664 πέμψας,
377 585 606 676 μετεκαλέσατο
627 583 693 648 τοῖν
716 583 846 648 οἰκειοῦν
860 581 917 648 καί
929 586 993 649 τοῖν
1009 583 1111 672 psius
1128 576 1222 658 ὅσους

124 681 224 762 ἰ’νῆν·
236 677 270 744 os‘
284 681 320 746 δὲ
332 683 481 767 παρῆσαν
495 679 560 748 osis·
581 679 683 765 ια’χει,
705 676 722 746 ὃ
746 685 844 766 μίγας
864 685 901 748 δὲ
921 684 1104 766 δομέστικος
1128 675 1225 747 duel.-

142 775 224 860 θιδν,
253 773 348 856 ὅσους
370 783 442 864 ἐνῆν
462 781 526 846 τῶν
552 782 726 864 βασιλειᾶν
756 778 812 844 καί
831 781 895 848 τῶν
917 783 1007 846 ids'asa
1030 778 1224 866 συναγαγών,

124 872 213 954 ὅνους
235 879 273 942 δὲ
299 878 580 962 διεσκεδασμένους
608 875 682 944 ὅταν
704 875 885 964 δπανῆξοοσι
906 881 1119 965 παραγγείλας
1141 870 1297 946 levari-ll

141 973 218 1062 πρᾶς
232 973 273 1052 τὰ
296 975 454 1059 βασίλεια,
473 977 634 1062 ἐπανῆλθε
658 974 717 1042 osis
742 979 845 1060 τάχει.
864 974 982 1044 τούτοιν
1006 979 1038 1042 δ’
1063 971 1146 1042 οὕτω
1166 975 1226 1043 ode
1339 1015 1342 1022 ·

140 1075 263 1163 σπουδῇ
280 1079 528 1161 πραττομένων,
555 1077 626 1140 ἐπεί
647 1073 781 1162 κνριακῆ
805 1067 853 1162 ἦν,
874 1074 948 1153 ἔθος
964 1078 994 1142 δ’
1017 1076 1240 1161 ἐπεκράτησεν,

141 1174 175 1236 ἐκ
188 1175 308 1239 πολλοῦ
327 1175 362 1240 ἐν
379 1177 422 1262 τῇ
438 1171 548 1263 πρώτη
567 1173 665 1263 ταύτῃ
686 1177 743 1260 τῆς
765 1170 946 1258 ἑβδομάδος
964 1175 1067 1264 ἡμέρη
1083 1177 1114 1240 Γ
1111 1175 1232 1240 εννονΐ-

140 1295 196 1349 τος
218 1296 255 1337 τε
272 1271 329 1338 καί
342 1262 417 1350 τούς
435 1275 472 1338 ἑκ
489 1273 640 1348 Βενετιας
654 1275 821 1351 Λατίνους
844 1269 1097 1360 ἀφικνουμένους
1118 1273 1164 1348 εἰς
1189 1270 1231 1338 τοὶ

107 1371 286 1452 raflectimus
308 1374 403 1456 τιμῆς
420 1395 456 1437 τε
474 1373 565 1438 ἓνεκα
586 1371 642 1438 καί
668 1371 837 1456 ὁμολογίας
858 1374 915 1438 τοῦ
933 1371 994 1437 ὕπὸ
1018 1379 1148 1457 βασιλεῖ
1165 1372 1228 1452 τῶν
1288 1413 1290 1418 .

136 1463 309 1552 Ῥοομαίιον
328 1471 503 1554 τετάχθαι,
532 1463 610 1536 ἄλλο
629 1473 690 1554 μὲν
708 1469 819 1553 οὐδὲν,
833 1469 939 1557 μόνην
959 1473 996 1536 δὲ
1015 1471 1228 1558 προυνόησαν

137 1567 375 1654 εἷπονέμοντας,
396 1569 490 1636 πάλιν
514 1567 621 1636 οἴκαδε
644 1571 779 1636 ἀπιέναι.
800 1564 876 1656 ἧκον
892 1573 949 1636 καί
957 1568 1028 1637 τότε
1043 1570 1074 1636 οῖ
1092 1571 1127 1636 dx
1148 1573 1181 1636 Γ
1178 1593 1229 1635 εν-

138 1664 233 1744 sosiae
247 1667 419 1756 πράξοντες
439 1665 480 1734 cd
498 1671 637 1736 εἰωθότα
643 1719 654 1752 ,
675 1672 710 1736 δν
731 1663 811 1747 οίςδ
831 1673 931 1753 μέγας
950 1671 1130 1751 δομίστικος
1154 1666 1230 1745 τούς

138 1761 196 1828 sisio
209 1769 277 1832 τῶν
295 1769 472 1854 εἰρημένων
482 1771 540 1834 τοῦ
546 1771 702 1853 βασιλέως
715 1770 819 1856 φίλων
830 1765 945 1850 stada,
958 1770 1014 1834 καί
1026 1771 1090 1835 τοῖν
1106 1790 1140 1834 τε
1151 1763 1229 1834 sisso·

105 1867 280 1947 imploras
301 1863 492 1954 ἀναμνήσας,
515 1864 566 1932 ἔτι
585 1869 623 1932 δὲ
648 1865 704 1932 καί
725 1864 785 1953 τὴν
809 1864 1058 1952 ἀναγκαιοτάτην
1077 1867 1134 1950 τῆς
1155 1869 1231 1949 βοη-

136 1963 227 2042 θείας
245 1966 364 2052 χρείαν
385 1965 594 2048 ἅναδιδοίξας,
624 1967 821 2044 ἐξαπέστειλε
846 1963 906 2042 τὰς
927 1961 1066 2050 τριήρεις
1093 1963 1252 2049 duculi-⁸

137 2064 210 2141 ζειν.
232 2062 265 2130 oi
285 2067 317 2130 d'
331 2064 522 2140 ἀπελθόντες
539 2063 596 2131 καί
610 2064 734 2154 σιιουδῇ
747 2059 946 2150 χρησάμενοι
956 2066 1002 2154 τῷ
1019 2063 1120 2151 καιρῷ
1133 2081 1232 2146 προσ-

136 2163 275 2252 ηκούσῃ,
295 2162 386 2239 ἐντὸς
407 2163 501 2251 αἱρεῖν
530 2162 632 2231 εἴκοσι
658 2171 744 2250 τρεῖς
768 2163 928 2249 πληροῦσι
950 2160 1099 2251 τριήρεις.
1126 2163 1232 2228 ταῦτα

137 2262 192 2329 καί
206 2259 580 2351 πρωτοστροὶταρ.ὅρῶν,
601 2261 658 2330 καί
673 2265 708 2330 tu
731 2261 854 2330 ἐλπίσιν
874 2254 938 2348 ἤδη
961 2270 1117 2349 χρηστοὶς
1143 2259 1232 2347 γινό-

101 2379 249 2445 ιομενος,
279 2359 452 2452 ἥπερὴδπό
479 2385 513 2428 τι
540 2361 597 2430 καί
618 2358 721 2450 ὁρμῆς
754 2363 947 2448 ἐπληροῦτο,
986 2361 1120 2437 πολλοὺς
1157 2362 1233 2448 περὶ

137 2456 257 2538 αὖτούς
275 2463 338 2529 τῶν
357 2484 392 2527 τε
412 2463 588 2545 βασιλικῶν
604 2465 661 2528 καί
680 2463 745 2528 τῶν
762 2460 854 2528 ἰδίαν
872 2459 1120 2548 ἀθροιζομένους
1135 2457 1231 2542 ὁρῶν.

138 2559 242 2636 οὐδεὶς
265 2561 377 2641 μέντοι
402 2563 464 2626 τῶν
491 2563 788 2648 συναθροιζομένων
806 2558 864 2646 τὴν
883 2560 990 2628 αἰτίαν
1016 2563 1074 2647 τῆς
1092 2556 1229 2626 συνόδου

137 2658 271 2749 συνῄδει
282 2655 366 2745 πλὴν
381 2652 600 2746 Ἀποκαύχοο·
617 2660 726 2752 ἐκείνην
739 2657 800 2747 γὰρ
815 2655 904 2749 μόνην
920 2655 1231 2747 τηναίτάινέκοινοί-

138 2845 359 2914 gravescentibus
367 2843 466 2898 'acrius
491 2847 594 2899 instare
612 2845 743 2900 videmus.
781 2845 841 2900 Hoc
857 2844 1003 2899 eonsilium
1021 2847 1070 2900 ubi
1090 2852 1120 2900 el
1133 2854 1230 2917 proto·

137 2925 236 2970 strator
256 2933 307 2986 pro
327 2918 432 2986 optimo
456 2917 596 2987 amplexus
619 2925 676 2980 est,
707 2919 796 2972 visum
817 2917 852 2972 ad
870 2920 995 2970 ellectum
1016 2915 1229 2987 perducendum.

136 2985 172 3038 Et
197 2987 248 3040 ille
274 2987 387 3058 quidem
417 2989 544 3055 protinus
570 2988 687 3040 famulos
712 2996 741 3040 et
765 2989 867 3039 amicos
893 3003 948 3056 quo
1001 2996 1031 3039 ot
1052 2989 1145 3056 potuit
1166 2991 1231 3038 coii-

138 3055 186 3126 gis,
204 3059 255 3130 qni
274 3059 401 3111 celeriter
417 3057 593 3110 advenerunt.
629 3057 706 3110 Idem
731 3073 843 3126 magnus
863 3055 1045 3120 domesticus,
1073 3057 1232 3120 contractis,

138 3137 272 3196 quantum
289 3128 379 3193 licuit,
398 3145 460 3180 eum
480 3129 549 3198 regis
563 3137 622 3179 tuns
640 3128 707 3189 suis,
724 3124 953 3196 absentibusque,
972 3144 1033 3178 cum
1047 3127 1167 3196 primum
1180 3127 1231 3184 do-

137 3213 212 3250 mum
231 3200 424 3261 revertissent,
453 3197 488 3249 sd
502 3198 635 3266 palatium
654 3213 796 3250 occurrere
811 3197 908 3260 iussis,
933 3197 1010 3250 brevi
1025 3197 1122 3250 eodem
1137 3197 1228 3250 rediit

139 3265 186 3320 llis
213 3267 338 3321 studiose
363 3285 395 3320 ac
417 3265 513 3320 sedulo
534 3268 668 3337 peractis,
701 3269 767 3339 quia
789 3266 928 3320 dominica
954 3267 1108 3338 agebatur,
1126 3276 1156 3321 et
1171 3285 1229 3320 mos

138 3337 344 3411 longinquitate
369 3338 538 3403 invaluerat,
571 3339 700 3408 principe
727 3336 911 3390 hebdomadis
937 3336 984 3391 die
1011 3339 1171 3392 chueuses
1199 3356 1230 3391 ac

137 3406 260 3461 Venetos
279 3409 408 3472 latinos,
425 3407 538 3463 honoris
559 3418 587 3462 ot
605 3408 787 3462 subiectionis
804 3409 976 3478 profitendae
994 3411 1024 3460 in
1041 3410 1143 3480 regiam
1161 3427 1230 3464 vea-

137 3479 231 3542 titore,
255 3479 424 3551 adoratoque
443 3480 609 3548 imperatore
626 3479 738 3532 domum
756 3477 877 3548 regredi:
894 3487 1030 3533 venerunt
1046 3489 1076 3533 et
1093 3489 1152 3532 tam
1173 3483 1230 3534 Ge-

138 3565 275 3612 auenm,
302 3551 418 3606 solenne
437 3549 560 3603 officium
584 3549 758 3620 persoluturi.
795 3549 870 3602 lutor
892 3547 943 3603 bos
967 3567 1080 3620 magnus
1099 3551 1230 3604 domesti-

138 3633 186 3671 cus
222 3619 332 3672 dnobus
356 3639 391 3674 ex
414 3619 471 3672 illis
492 3620 599 3685 tribus,
627 3637 744 3692 quorum
764 3634 845 3689 snpra
866 3621 1035 3674 mentionem
1053 3621 1230 3684 faciebamus,
1288 3619 1292 3630 '

138 3690 251 3758 nepotis
269 3690 423 3746 fautoribus
442 3692 574 3760 repertis,
599 3692 732 3759 promissa
749 3691 789 3743 eis
807 3690 915 3812 redegit
935 3693 965 3743 in
984 3693 1160 3755 memoriam,
1188 3700 1231 3745 at-

141 3775 196 3830 que
219 3761 332 3830 insuper
355 3761 390 3815 de
416 3776 521 3813 summa
546 3761 645 3813 ausilii
669 3761 833 3815 necessitate
854 3777 869 3814 e
890 3769 965 3813 octos
990 3759 1026 3812 ad
1043 3762 1167 3814 triremes
1185 3763 1230 3812 iu·

141 3829 286 3883 struendas
309 3829 423 3886 dimisit
461 3833 506 3884 Illi
525 3831 658 3884 abeuntes
680 3839 709 3884 et
732 3847 782 3900 pro
808 3839 864 3884 tem
886 3847 933 3883 ore
951 3831 1121 3900 diligentiam
1147 3830 1231 3883 adhi-

140 3897 256 3964 bentes,
285 3901 359 3955 lutra
382 3901 462 3957 boras
484 3903 583 3972 viginti
600 3910 690 3953 ternas
708 3907 815 3954 ornant.
881 3917 932 3954 uae
951 3902 1062 3953 intuens
1079 3909 1230 3969 protostra-

144 3977 204 4034 tor,
230 3972 388 4044 mutusque
420 3983 475 4028 tam
498 3974 533 4026 de
557 3973 682 4040 nepotis,
710 3987 793 4042 quam
811 3967 846 4020 de
864 3972 922 4023 suis
939 3969 1097 4023 domesticis
1114 3973 1232 4022 eircum-

143 4049 267 4094 astantes
279 4043 459 4113 conspiciens,
470 4060 518 4112 spe
532 4044 605 4096 bona
619 4044 793 4096 confirmatas
808 4040 923 4093 mirifice
935 4039 1098 4106 laetabatur,
1117 4049 1146 4092 ct
1159 4059 1233 4094 amo-

145 4111 333 4182 repugnandi
359 4113 559 4169 exardescebat
596 4113 792 4166 Verumtamen
812 4120 921 4180 praeter
938 4109 1131 4179 Apoeauchum
1150 4129 1231 4164 nemo

146 4196 253 4234 causam
273 4185 440 4238 evocationis
464 4192 590 4238 noverat:
620 4185 664 4235 illi
686 4183 758 4234 enim
776 4183 827 4236 soli
848 4182 922 4255 quod
944 4181 1073 4251 agebatur
1091 4184 1232 4252 patefece-

143 4260 218 4306 rant:
247 4253 297 4307 alii
319 4253 355 4308 ob
380 4255 489 4327 aliquid
513 4255 650 4324 singulare
670 4254 830 4310 marcuisse
848 4253 1069 4324 suspicabantur,
1099 4269 1132 4306 eo
1151 4271 1230 4324 argu-
1327 4309 1332 4317 ,
