<?xml version="1.0" encoding="UTF-8"?>
<!DOCTYPE html PUBLIC "-//W3C//DTD XHTML 1.0 Transitional//EN"
    "http://www.w3.org/TR/xhtml1/DTD/xhtml1-transitional.dtd">
<html xmlns="http://www.w3.org/1999/xhtml" xml:lang="en" lang="en">
 <head>
  <title>
</title>
<meta http-equiv="Content-Type" content="text/html;charset=utf-8" />
  <meta name='ocr-system' content='tesseract 3.04.00' />
  <meta name='ocr-capabilities' content='ocr_page ocr_carea ocr_par ocr_line ocrx_word'/>
</head>
<body>
  <div class='ocr_page' id='page_1' title='image "./ioanniscantacuz01niebgoog_0171.png"; bbox 0 0 3114 4930; ppageno 0'>
   <div class='ocr_carea' id='block_1_1' title="bbox 357 303 1012 398">
    <p class='ocr_par' dir='ltr' id='par_1_1' title="bbox 357 303 1012 398">
     <span class='ocr_line' id='line_1_1' title="bbox 357 303 1012 398; baseline -0.003 -12"><span class='ocrx_word' id='word_1_1' title='bbox 357 303 438 386; x_wconf 84' lang='lat'>1&#39;26</span> <span class='ocrx_word' id='word_1_2' title='bbox 731 319 1012 398; x_wconf 72' lang='lat' dir='ltr'>murionum</span> 
     </span>
    </p>
   </div>
   <div class='ocr_carea' id='block_1_2' title="bbox 205 469 1525 2843">
    <p class='ocr_par' dir='ltr' id='par_1_2' title="bbox 205 469 1525 2843">
     <span class='ocr_line' id='line_1_2' title="bbox 205 469 1435 566; baseline -0.007 -22"><span class='ocrx_word' id='word_1_3' title='bbox 205 489 267 548; x_wconf 68' lang='lat' dir='ltr'>lc.</span> <span class='ocrx_word' id='word_1_4' title='bbox 279 485 339 546; x_wconf 69' lang='grc' dir='ltr'><strong><em>ιλιι</em></strong></span> <span class='ocrx_word' id='word_1_5' title='bbox 351 478 470 564; x_wconf 79' lang='grc' dir='ltr'><strong><em>ἔμεινεν</em></strong></span> <span class='ocrx_word' id='word_1_6' title='bbox 484 481 604 566; x_wconf 76' lang='grc' dir='ltr'><strong><em>ἡμέρας</em></strong></span> <span class='ocrx_word' id='word_1_7' title='bbox 622 476 726 560; x_wconf 82' lang='grc' dir='ltr'><strong><em>τινδς,</em></strong></span> <span class='ocrx_word' id='word_1_8' title='bbox 738 477 835 543; x_wconf 75' lang='lat' dir='ltr'>rodco</span> <span class='ocrx_word' id='word_1_9' title='bbox 849 477 919 560; x_wconf 83' lang='grc' dir='ltr'><strong><em>μὲν,</em></strong></span> <span class='ocrx_word' id='word_1_10' title='bbox 935 469 986 540; x_wconf 83' lang='grc' dir='ltr'>δτι</span> <span class='ocrx_word' id='word_1_11' title='bbox 1005 471 1060 539; x_wconf 72' lang='grc' dir='ltr'><strong><em>καί</em></strong></span> <span class='ocrx_word' id='word_1_12' title='bbox 1079 471 1200 558; x_wconf 83' lang='grc' dir='ltr'><strong><em>χειμιδν</em></strong></span> <span class='ocrx_word' id='word_1_13' title='bbox 1215 473 1350 550; x_wconf 75' lang='grc' dir='ltr'><strong><em>ἐξαίσιος</em></strong></span> <span class='ocrx_word' id='word_1_14' title='bbox 1363 473 1435 538; x_wconf 81' lang='grc' dir='ltr'><strong><em>ἕπε-</em></strong></span> 
     </span>
     <span class='ocr_line' id='line_1_3' title="bbox 350 567 1434 663; baseline -0.01 -19"><span class='ocrx_word' id='word_1_15' title='bbox 350 583 470 663; x_wconf 84' lang='grc' dir='ltr'><strong><em>γένετο,</em></strong></span> <span class='ocrx_word' id='word_1_16' title='bbox 490 576 561 644; x_wconf 76' lang='grc' dir='ltr'><strong><em>ἐπεί</em></strong></span> <span class='ocrx_word' id='word_1_17' title='bbox 584 577 640 640; x_wconf 82' lang='grc' dir='ltr'><strong><em>καί</em></strong></span> <span class='ocrx_word' id='word_1_18' title='bbox 649 579 803 660; x_wconf 77' lang='grc' dir='ltr'><strong><em>χειμῶνος</em></strong></span> <span class='ocrx_word' id='word_1_19' title='bbox 816 567 857 662; x_wconf 84' lang='grc' dir='ltr'>ήν</span> <span class='ocrx_word' id='word_1_20' title='bbox 875 572 963 661; x_wconf 76' lang='grc' dir='ltr'><strong><em>ὥρα,</em></strong></span> <span class='ocrx_word' id='word_1_21' title='bbox 986 569 1082 662; x_wconf 75' lang='grc' dir='ltr'><strong><em>(κατὰ</em></strong></span> <span class='ocrx_word' id='word_1_22' title='bbox 1100 574 1187 658; x_wconf 81' lang='grc' dir='ltr'><strong><em>μῆνα</em></strong></span> <span class='ocrx_word' id='word_1_23' title='bbox 1204 569 1265 658; x_wconf 86' lang='grc' dir='ltr'>γδρ</span> <span class='ocrx_word' id='word_1_24' title='bbox 1282 571 1434 658; x_wconf 74' lang='grc' dir='ltr'><strong><em>ἐστρατο-</em></strong></span> 
     </span>
     <span class='ocr_line' id='line_1_4' title="bbox 322 669 1525 762; baseline -0.012 -17"><span class='ocrx_word' id='word_1_25' title='bbox 322 676 516 745; x_wconf 72' lang='grc' dir='ltr'><strong><em>(λπεδεδοντο</em></strong></span> <span class='ocrx_word' id='word_1_26' title='bbox 533 677 752 762; x_wconf 59' lang='grc' dir='ltr'><strong><em>Δεκέμβριον)</em></strong></span> <span class='ocrx_word' id='word_1_27' title='bbox 778 676 870 741; x_wconf 75' lang='grc' dir='ltr'><strong><em>τοῦτο</em></strong></span> <span class='ocrx_word' id='word_1_28' title='bbox 895 677 935 756; x_wconf 88' lang='grc' dir='ltr'>δ’,</span> <span class='ocrx_word' id='word_1_29' title='bbox 956 675 1009 738; x_wconf 79' lang='grc' dir='ltr'><strong><em>ἳνα</em></strong></span> <span class='ocrx_word' id='word_1_30' title='bbox 1024 675 1079 736; x_wconf 84' lang='grc' dir='ltr'><strong><em>καί</em></strong></span> <span class='ocrx_word' id='word_1_31' title='bbox 1091 669 1127 735; x_wconf 84' lang='lat' dir='ltr'>sd</span> <span class='ocrx_word' id='word_1_32' title='bbox 1146 676 1251 735; x_wconf 78' lang='grc' dir='ltr'><strong><em>λεῖπον</em></strong></span> <span class='ocrx_word' id='word_1_33' title='bbox 1269 673 1324 754; x_wconf 85' lang='grc' dir='ltr'>τῆς</span> <span class='ocrx_word' id='word_1_34' title='bbox 1339 693 1436 755; x_wconf 88' lang='grc' dir='ltr'><strong><em>οτρα-</em></strong></span> <span class='ocrx_word' id='word_1_35' title='bbox 1524 685 1525 750; x_wconf 62' lang='grc' dir='ltr'><strong><em>ι</em></strong></span> 
     </span>
     <span class='ocr_line' id='line_1_5' title="bbox 350 765 1434 862; baseline -0.007 -20"><span class='ocrx_word' id='word_1_36' title='bbox 350 779 422 852; x_wconf 82' lang='grc' dir='ltr'><strong><em>τιοῖς</em></strong></span> <span class='ocrx_word' id='word_1_37' title='bbox 449 776 626 862; x_wconf 72' lang='grc' dir='ltr'><strong><em>ἀθροισθῇ·</em></strong></span> <span class='ocrx_word' id='word_1_38' title='bbox 659 771 746 840; x_wconf 84' lang='grc' dir='ltr'><strong><em>τὸδ’</em></strong></span> <span class='ocrx_word' id='word_1_39' title='bbox 771 769 820 840; x_wconf 81' lang='grc' dir='ltr'>ἔτι</span> <span class='ocrx_word' id='word_1_40' title='bbox 845 771 965 839; x_wconf 75' lang='grc' dir='ltr'><strong><em>τούτων</em></strong></span> <span class='ocrx_word' id='word_1_41' title='bbox 989 767 1188 857; x_wconf 77' lang='grc' dir='ltr'><strong><em>αἰτιώτερον,</em></strong></span> <span class='ocrx_word' id='word_1_42' title='bbox 1219 765 1265 835; x_wconf 77' lang='grc' dir='ltr'>δτι</span> <span class='ocrx_word' id='word_1_43' title='bbox 1283 773 1339 854; x_wconf 82' lang='grc' dir='ltr'>τής</span> <span class='ocrx_word' id='word_1_44' title='bbox 1355 767 1434 834; x_wconf 72' lang='grc' dir='ltr'><strong><em>κατὰ</em></strong></span> 
     </span>
     <span class='ocr_line' id='line_1_6' title="bbox 353 865 1525 962; baseline -0.007 -22"><span class='ocrx_word' id='word_1_45' title='bbox 353 873 482 962; x_wconf 74' lang='grc' dir='ltr'><strong><em>Θρᾴκην</em></strong></span> <span class='ocrx_word' id='word_1_46' title='bbox 498 873 685 958; x_wconf 86' lang='grc' dir='ltr'><strong><em>Ἡρακλείας</em></strong></span> <span class='ocrx_word' id='word_1_47' title='bbox 700 874 758 939; x_wconf 76' lang='grc' dir='ltr'>τοῦ</span> <span class='ocrx_word' id='word_1_48' title='bbox 777 871 846 938; x_wconf 86' lang='grc' dir='ltr'><strong><em>νέου</em></strong></span> <span class='ocrx_word' id='word_1_49' title='bbox 869 874 1023 955; x_wconf 82' lang='grc' dir='ltr'><strong><em>βασιλέως</em></strong></span> <span class='ocrx_word' id='word_1_50' title='bbox 1043 867 1123 956; x_wconf 79' lang='grc' dir='ltr'><strong><em>πρὸς</em></strong></span> <span class='ocrx_word' id='word_1_51' title='bbox 1140 865 1197 944; x_wconf 80' lang='grc' dir='ltr'>τὸν</span> <span class='ocrx_word' id='word_1_52' title='bbox 1223 867 1454 955; x_wconf 74' lang='grc' dir='ltr'><strong><em>πρεσβύτερονὸ</em></strong></span> <span class='ocrx_word' id='word_1_53' title='bbox 1524 943 1525 960; x_wconf 21' lang='lat'>¹</span> 
     </span>
     <span class='ocr_line' id='line_1_7' title="bbox 350 964 1525 1056; baseline -0.009 -19"><span class='ocrx_word' id='word_1_54' title='bbox 350 970 539 1056; x_wconf 75' lang='grc' dir='ltr'><strong><em>ἀποστάσης,</em></strong></span> <span class='ocrx_word' id='word_1_55' title='bbox 557 969 574 1034; x_wconf 84' lang='grc' dir='ltr'><strong><em>δ</em></strong></span> <span class='ocrx_word' id='word_1_56' title='bbox 592 971 783 1056; x_wconf 81' lang='grc' dir='ltr'><strong><em>Συργωὶννής</em></strong></span> <span class='ocrx_word' id='word_1_57' title='bbox 797 968 855 1056; x_wconf 87' lang='grc' dir='ltr'>τήν</span> <span class='ocrx_word' id='word_1_58' title='bbox 870 971 1092 1054; x_wconf 74' lang='grc' dir='ltr'><strong><em>Βυζαντύγθεν</em></strong></span> <span class='ocrx_word' id='word_1_59' title='bbox 1114 964 1266 1055; x_wconf 79' lang='grc' dir='ltr'><strong><em>στρατιὰν</em></strong></span> <span class='ocrx_word' id='word_1_60' title='bbox 1289 973 1437 1052; x_wconf 78' lang='grc' dir='ltr'><strong><em>παραλα-</em></strong></span> <span class='ocrx_word' id='word_1_61' title='bbox 1524 999 1525 1026; x_wconf 74' lang='grc' dir='ltr'>ι</span> 
     </span>
     <span class='ocr_line' id='line_1_8' title="bbox 350 1055 1525 1157; baseline -0.009 -20"><span class='ocrx_word' id='word_1_62' title='bbox 350 1070 426 1156; x_wconf 78' lang='grc' dir='ltr'><strong><em>βων,</em></strong></span> <span class='ocrx_word' id='word_1_63' title='bbox 447 1071 614 1156; x_wconf 77' lang='grc' dir='ltr'><em>ἐνήδρευεν</em></span> <span class='ocrx_word' id='word_1_64' title='bbox 632 1075 666 1136; x_wconf 83' lang='grc' dir='ltr'>ἐν</span> <span class='ocrx_word' id='word_1_65' title='bbox 684 1069 775 1157; x_wconf 72' lang='grc' dir='ltr'><strong><em>αὐτῇ.</em></strong></span> <span class='ocrx_word' id='word_1_66' title='bbox 812 1067 916 1149; x_wconf 76' lang='grc' dir='ltr'><strong><em>ἔδοξεν</em></strong></span> <span class='ocrx_word' id='word_1_67' title='bbox 929 1061 987 1135; x_wconf 75' lang='grc' dir='ltr'>οὖν</span> <span class='ocrx_word' id='word_1_68' title='bbox 1010 1069 1106 1152; x_wconf 78' lang='grc' dir='ltr'><strong><em>αὐτῆς</em></strong></span> <span class='ocrx_word' id='word_1_69' title='bbox 1118 1069 1242 1153; x_wconf 76' lang='grc' dir='ltr'><strong><em>πρῶτον</em></strong></span> <span class='ocrx_word' id='word_1_70' title='bbox 1263 1060 1438 1150; x_wconf 79' lang='grc' dir='ltr'><strong><em>ἆαοπειρά-</em></strong></span> <span class='ocrx_word' id='word_1_71' title='bbox 1524 1055 1525 1116; x_wconf 74' lang='lat' dir='ltr'>i</span> 
     </span>
     <span class='ocr_line' id='line_1_9' title="bbox 348 1164 1440 1256; baseline -0.008 -20"><span class='ocrx_word' id='word_1_72' title='bbox 348 1194 414 1237; x_wconf 89' lang='grc' dir='ltr'><strong><em>σαι.</em></strong></span> <span class='ocrx_word' id='word_1_73' title='bbox 432 1168 549 1256; x_wconf 83' lang='grc' dir='ltr'><strong><em>χρόνον</em></strong></span> <span class='ocrx_word' id='word_1_74' title='bbox 566 1172 602 1234; x_wconf 78' lang='grc' dir='ltr'>δὲ</span> <span class='ocrx_word' id='word_1_75' title='bbox 617 1164 718 1234; x_wconf 77' lang='grc' dir='ltr'><strong><em>αὐτοῦ</em></strong></span> <span class='ocrx_word' id='word_1_76' title='bbox 727 1192 811 1245; x_wconf 91' lang='grc' dir='ltr'><strong><em>τινος</em></strong></span> <span class='ocrx_word' id='word_1_77' title='bbox 822 1171 1015 1256; x_wconf 79' lang='grc' dir='ltr'><strong><em>τριβομένου,</em></strong></span> <span class='ocrx_word' id='word_1_78' title='bbox 1035 1165 1121 1246; x_wconf 81' lang='grc' dir='ltr'><strong><em>ἔδοξε</em></strong></span> <span class='ocrx_word' id='word_1_79' title='bbox 1134 1175 1200 1242; x_wconf 82' lang='grc' dir='ltr'><strong><em>τοῖς</em></strong></span> <span class='ocrx_word' id='word_1_80' title='bbox 1218 1169 1252 1233; x_wconf 82' lang='grc' dir='ltr'>ἒν</span> <span class='ocrx_word' id='word_1_81' title='bbox 1269 1166 1352 1231; x_wconf 85' lang='grc' dir='ltr'><strong><em>τέλει</em></strong></span> <span class='ocrx_word' id='word_1_82' title='bbox 1361 1166 1440 1228; x_wconf 79' lang='grc' dir='ltr'><strong><em>πᾶσι</em></strong></span> 
     </span>
     <span class='ocr_line' id='line_1_10' title="bbox 333 1263 1525 1356; baseline -0.008 -20"><span class='ocrx_word' id='word_1_83' title='bbox 333 1270 406 1336; x_wconf 86' lang='grc' dir='ltr'><strong><em>’καί</em></strong></span> <span class='ocrx_word' id='word_1_84' title='bbox 422 1278 487 1345; x_wconf 80' lang='grc' dir='ltr'><strong><em>τοῖς</em></strong></span> <span class='ocrx_word' id='word_1_85' title='bbox 507 1269 639 1354; x_wconf 79' lang='grc' dir='ltr'>ἡγεμόσι</span> <span class='ocrx_word' id='word_1_86' title='bbox 656 1272 711 1354; x_wconf 78' lang='grc' dir='ltr'>τῆς</span> <span class='ocrx_word' id='word_1_87' title='bbox 730 1273 882 1356; x_wconf 83' lang='grc' dir='ltr'><strong><em>στρατιᾶς</em></strong></span> <span class='ocrx_word' id='word_1_88' title='bbox 895 1271 1107 1350; x_wconf 72' lang='grc' dir='ltr'><strong><em>συνελθοῦσι,</em></strong></span> <span class='ocrx_word' id='word_1_89' title='bbox 1134 1267 1302 1354; x_wconf 79' lang='grc' dir='ltr'><strong><em>πρεσβείαν</em></strong></span> <span class='ocrx_word' id='word_1_90' title='bbox 1319 1263 1364 1350; x_wconf 66' lang='grc' dir='ltr'>οἷς</span> <span class='ocrx_word' id='word_1_91' title='bbox 1379 1269 1439 1348; x_wconf 82' lang='grc' dir='ltr'><strong><em>βα·</em></strong></span> <span class='ocrx_word' id='word_1_92' title='bbox 1524 1273 1525 1280; x_wconf 76' lang='grc'>’</span> 
     </span>
     <span class='ocr_line' id='line_1_11' title="bbox 349 1359 1525 1454; baseline -0.003 -17"><span class='ocrx_word' id='word_1_93' title='bbox 349 1369 440 1436; x_wconf 80' lang='grc' dir='ltr'><strong><em>σιλὲα</em></strong></span> <span class='ocrx_word' id='word_1_94' title='bbox 456 1364 510 1433; x_wconf 82' lang='grc' dir='ltr'>τὸν</span> <span class='ocrx_word' id='word_1_95' title='bbox 527 1366 735 1454; x_wconf 76' lang='grc' dir='ltr'><strong><em>πρεσβύτερον</em></strong></span> <span class='ocrx_word' id='word_1_96' title='bbox 746 1362 931 1433; x_wconf 74' lang='grc' dir='ltr'><strong><em>ἀποστεῖλαι</em></strong></span> <span class='ocrx_word' id='word_1_97' title='bbox 944 1364 1167 1452; x_wconf 80' lang='grc' dir='ltr'><strong><em>ἐξαιτήσοοσαν</em></strong></span> <span class='ocrx_word' id='word_1_98' title='bbox 1185 1365 1326 1452; x_wconf 79' lang='grc' dir='ltr'><strong><em>εἰρήνην·</em></strong></span> <span class='ocrx_word' id='word_1_99' title='bbox 1350 1359 1370 1429; x_wconf 82' lang='grc' dir='ltr'><strong><em>δ</em></strong></span> <span class='ocrx_word' id='word_1_100' title='bbox 1386 1364 1474 1434; x_wconf 78' lang='lat' dir='ltr'>reiro</span> <span class='ocrx_word' id='word_1_101' title='bbox 1524 1365 1525 1402; x_wconf 49' lang='lat' dir='ltr'>i</span> 
     </span>
     <span class='ocr_line' id='line_1_12' title="bbox 350 1455 1439 1552; baseline -0.003 -20"><span class='ocrx_word' id='word_1_102' title='bbox 350 1471 409 1532; x_wconf 77' lang='grc' dir='ltr'>τοῦ</span> <span class='ocrx_word' id='word_1_103' title='bbox 432 1469 503 1532; x_wconf 88' lang='grc' dir='ltr'><strong><em>νέου</em></strong></span> <span class='ocrx_word' id='word_1_104' title='bbox 527 1467 683 1549; x_wconf 82' lang='grc' dir='ltr'><strong><em>βασιλέως</em></strong></span> <span class='ocrx_word' id='word_1_105' title='bbox 710 1470 909 1548; x_wconf 79' lang='grc' dir='ltr'><strong><em>πυθομένου,</em></strong></span> <span class='ocrx_word' id='word_1_106' title='bbox 929 1465 1000 1531; x_wconf 67' lang='lat' dir='ltr'>dues*</span> <span class='ocrx_word' id='word_1_107' title='bbox 1025 1464 1104 1530; x_wconf 82' lang='grc' dir='ltr'><strong><em>κατὰ</em></strong></span> <span class='ocrx_word' id='word_1_108' title='bbox 1126 1462 1250 1550; x_wconf 80' lang='grc' dir='ltr'><strong><em>γνώμην</em></strong></span> <span class='ocrx_word' id='word_1_109' title='bbox 1274 1458 1363 1552; x_wconf 61' lang='lat' dir='ltr'>adripi</span> <span class='ocrx_word' id='word_1_110' title='bbox 1390 1455 1439 1548; x_wconf 85' lang='grc' dir='ltr'>ήν,</span> 
     </span>
     <span class='ocr_line' id='line_1_13' title="bbox 350 1543 1439 1652; baseline -0.003 -21"><span class='ocrx_word' id='word_1_111' title='bbox 350 1563 517 1648; x_wconf 86' lang='grc' dir='ltr'><strong><em>πέμπουσί</em></strong></span> <span class='ocrx_word' id='word_1_112' title='bbox 527 1591 599 1632; x_wconf 90' lang='grc' dir='ltr'><strong><em>τινα</em></strong></span> <span class='ocrx_word' id='word_1_113' title='bbox 612 1569 676 1632; x_wconf 80' lang='grc' dir='ltr'><strong><em>ταῖν</em></strong></span> <span class='ocrx_word' id='word_1_114' title='bbox 701 1569 758 1652; x_wconf 83' lang='grc' dir='ltr'>τῆς</span> <span class='ocrx_word' id='word_1_115' title='bbox 778 1568 928 1652; x_wconf 80' lang='grc' dir='ltr'><strong><em>στρατιᾶς</em></strong></span> <span class='ocrx_word' id='word_1_116' title='bbox 944 1567 1182 1650; x_wconf 82' lang='grc' dir='ltr'><strong><em>Καλοχαιρέτήν</em></strong></span> <span class='ocrx_word' id='word_1_117' title='bbox 1207 1543 1439 1646; x_wconf 67' lang='grc' dir='ltr'><strong><em>δνομασμένον,</em></strong></span> 
     </span>
     <span class='ocr_line' id='line_1_14' title="bbox 241 1653 1440 1750; baseline -0.004 -22"><span class='ocrx_word' id='word_1_118' title='bbox 241 1675 246 1684; x_wconf 87' lang='grc'><em>“</em></span> <span class='ocrx_word' id='word_1_119' title='bbox 316 1663 390 1729; x_wconf 84' lang='lat' dir='ltr'>Dsci</span> <span class='ocrx_word' id='word_1_120' title='bbox 405 1665 576 1750; x_wconf 84' lang='grc' dir='ltr'><strong><em>γράμματα</em></strong></span> <span class='ocrx_word' id='word_1_121' title='bbox 593 1666 839 1750; x_wconf 79' lang='grc' dir='ltr'><strong><em>ἐγχειρίσαντες·</em></strong></span> <span class='ocrx_word' id='word_1_122' title='bbox 875 1667 945 1730; x_wconf 85' lang='grc' dir='ltr'><strong><em>ε’πεί</em></strong></span> <span class='ocrx_word' id='word_1_123' title='bbox 964 1661 1017 1729; x_wconf 85' lang='grc' dir='ltr'>διδ</span> <span class='ocrx_word' id='word_1_124' title='bbox 1036 1663 1230 1750; x_wconf 78' lang='grc' dir='ltr'><strong><em>γραμμάτων</em></strong></span> <span class='ocrx_word' id='word_1_125' title='bbox 1249 1653 1289 1747; x_wconf 80' lang='grc' dir='ltr'>ἦν</span> <span class='ocrx_word' id='word_1_126' title='bbox 1317 1658 1337 1746; x_wconf 86' lang='grc' dir='ltr'><strong><em>ή</em></strong></span> <span class='ocrx_word' id='word_1_127' title='bbox 1363 1685 1440 1748; x_wconf 87' lang='grc' dir='ltr'><strong><em>πρε-</em></strong></span> 
     </span>
     <span class='ocr_line' id='line_1_15' title="bbox 350 1759 1525 1848; baseline -0.003 -18"><span class='ocrx_word' id='word_1_128' title='bbox 350 1765 467 1847; x_wconf 75' lang='grc' dir='ltr'><strong><em>σβεία,</em></strong></span> <span class='ocrx_word' id='word_1_129' title='bbox 488 1762 587 1839; x_wconf 73' lang='grc' dir='ltr'><strong><em>αὐτὸς</em></strong></span> <span class='ocrx_word' id='word_1_130' title='bbox 604 1767 639 1829; x_wconf 85' lang='grc' dir='ltr'>δὲ</span> <span class='ocrx_word' id='word_1_131' title='bbox 658 1763 756 1846; x_wconf 87' lang='grc' dir='ltr'><strong><em>μόνον</em></strong></span> <span class='ocrx_word' id='word_1_132' title='bbox 783 1767 990 1848; x_wconf 81' lang='grc' dir='ltr'><strong><em>διακομιστοδ</em></strong></span> <span class='ocrx_word' id='word_1_133' title='bbox 1001 1765 1091 1843; x_wconf 77' lang='grc' dir='ltr'><strong><em>τάξιν</em></strong></span> <span class='ocrx_word' id='word_1_134' title='bbox 1107 1767 1246 1846; x_wconf 74' lang='grc' dir='ltr'><strong><em>ἐπεῖχεν.</em></strong></span> <span class='ocrx_word' id='word_1_135' title='bbox 1268 1759 1383 1846; x_wconf 81' lang='grc' dir='ltr'><strong><em>ἐδήλου</em></strong></span> <span class='ocrx_word' id='word_1_136' title='bbox 1407 1763 1440 1826; x_wconf 86' lang='grc' dir='ltr'>δὲ</span> <span class='ocrx_word' id='word_1_137' title='bbox 1524 1809 1525 1842; x_wconf 75' lang='lat'>,</span> 
     </span>
     <span class='ocr_line' id='line_1_16' title="bbox 289 1853 1525 1960; baseline -0.001 -31"><span class='ocrx_word' id='word_1_138' title='bbox 289 1868 291 1874; x_wconf 83' lang='lat'>&#39;</span> <span class='ocrx_word' id='word_1_139' title='bbox 349 1861 390 1929; x_wconf 81' lang='lat' dir='ltr'>coi</span> <span class='ocrx_word' id='word_1_140' title='bbox 415 1859 585 1950; x_wconf 80' lang='grc' dir='ltr'>γράμματα1</span> <span class='ocrx_word' id='word_1_141' title='bbox 597 1866 743 1929; x_wconf 79' lang='grc' dir='ltr'><strong><em>τοιαῦτα·</em></strong></span> <span class='ocrx_word' id='word_1_142' title='bbox 777 1863 960 1950; x_wconf 72' lang='grc' dir='ltr'><strong><em>,Κράτιστε</em></strong></span> <span class='ocrx_word' id='word_1_143' title='bbox 977 1864 1124 1946; x_wconf 80' lang='grc' dir='ltr'><strong><em>βασιλεῦ,</em></strong></span> <span class='ocrx_word' id='word_1_144' title='bbox 1154 1861 1245 1947; x_wconf 80' lang='grc' dir='ltr'><strong><em>ήμοίς</em></strong></span> <span class='ocrx_word' id='word_1_145' title='bbox 1263 1853 1390 1926; x_wconf 69' lang='grc' dir='ltr'><strong><em>ἄνωθεν</em></strong></span> <span class='ocrx_word' id='word_1_146' title='bbox 1407 1861 1476 1928; x_wconf 66' lang='lat' dir='ltr'>iuri</span> <span class='ocrx_word' id='word_1_147' title='bbox 1524 1951 1525 1960; x_wconf 13' lang='grc' dir='ltr'><strong><em>ρ</em></strong></span> 
     </span>
     <span class='ocr_line' id='line_1_17' title="bbox 349 1953 1441 2048; baseline -0.001 -20"><span class='ocrx_word' id='word_1_148' title='bbox 349 1959 509 2048; x_wconf 87' lang='grc' dir='ltr'><strong><em>προγόνων</em></strong></span> <span class='ocrx_word' id='word_1_149' title='bbox 537 1953 623 2040; x_wconf 75' lang='grc' dir='ltr'><strong><em>ὄντες</em></strong></span> <span class='ocrx_word' id='word_1_150' title='bbox 638 1959 807 2046; x_wconf 85' lang='grc' dir='ltr'><strong><em>Ῥωμαῖοι,</em></strong></span> <span class='ocrx_word' id='word_1_151' title='bbox 835 1961 891 2028; x_wconf 86' lang='grc' dir='ltr'><strong><em>καί</em></strong></span> <span class='ocrx_word' id='word_1_152' title='bbox 914 1960 972 2048; x_wconf 89' lang='grc' dir='ltr'>τήν</span> <span class='ocrx_word' id='word_1_153' title='bbox 995 1960 1170 2048; x_wconf 72' lang='grc' dir='ltr'><strong><em>εὐπραγίαν</em></strong></span> <span class='ocrx_word' id='word_1_154' title='bbox 1196 1963 1260 2027; x_wconf 73' lang='grc' dir='ltr'>τῶν</span> <span class='ocrx_word' id='word_1_155' title='bbox 1273 1958 1441 2044; x_wconf 88' lang='grc' dir='ltr'><strong><em>Ῥωμαίων</em></strong></span> 
     </span>
     <span class='ocr_line' id='line_1_18' title="bbox 301 2055 1525 2149; baseline 0.001 -22"><span class='ocrx_word' id='word_1_156' title='bbox 301 2107 305 2116; x_wconf 82' lang='lat'><strong>·</strong></span> <span class='ocrx_word' id='word_1_157' title='bbox 350 2064 468 2128; x_wconf 81' lang='grc' dir='ltr'><strong><em>οἰκείαν</em></strong></span> <span class='ocrx_word' id='word_1_158' title='bbox 489 2059 657 2144; x_wconf 81' lang='grc' dir='ltr'><strong><em>νομίζομεν</em></strong></span> <span class='ocrx_word' id='word_1_159' title='bbox 672 2059 890 2144; x_wconf 81' lang='grc' dir='ltr'><strong><em>εδδαιμονίαν,</em></strong></span> <span class='ocrx_word' id='word_1_160' title='bbox 911 2063 968 2127; x_wconf 86' lang='grc' dir='ltr'><strong><em>καί</em></strong></span> <span class='ocrx_word' id='word_1_161' title='bbox 983 2060 1044 2146; x_wconf 86' lang='grc' dir='ltr'>τήν</span> <span class='ocrx_word' id='word_1_162' title='bbox 1059 2059 1272 2149; x_wconf 84' lang='grc' dir='ltr'><strong><em>κακοπραγίαν</em></strong></span> <span class='ocrx_word' id='word_1_163' title='bbox 1289 2055 1442 2135; x_wconf 75' lang='grc' dir='ltr'><strong><em>ὥσαδτως</em></strong></span> <span class='ocrx_word' id='word_1_164' title='bbox 1524 2091 1525 2128; x_wconf 83' lang='grc' dir='ltr'>ι</span> 
     </span>
     <span class='ocr_line' id='line_1_19' title="bbox 350 2151 1525 2251; baseline -0.003 -26"><span class='ocrx_word' id='word_1_165' title='bbox 350 2161 386 2225; x_wconf 81' lang='grc' dir='ltr'>έν</span> <span class='ocrx_word' id='word_1_166' title='bbox 409 2161 476 2249; x_wconf 78' lang='grc' dir='ltr'><strong><em>ἰδίρ</em></strong></span> <span class='ocrx_word' id='word_1_167' title='bbox 502 2162 657 2241; x_wconf 77' lang='grc' dir='ltr'><strong><em>τιθέμεθα</em></strong></span> <span class='ocrx_word' id='word_1_168' title='bbox 671 2161 845 2251; x_wconf 76' lang='grc' dir='ltr'><strong><em>δυστυχίᾳ.</em></strong></span> <span class='ocrx_word' id='word_1_169' title='bbox 885 2151 924 2226; x_wconf 73' lang='grc' dir='ltr'>οὗ</span> <span class='ocrx_word' id='word_1_170' title='bbox 949 2159 987 2244; x_wconf 89' lang='grc' dir='ltr'>δή</span> <span class='ocrx_word' id='word_1_171' title='bbox 1009 2162 1097 2226; x_wconf 80' lang='grc' dir='ltr'><strong><em>ἕνεκα</em></strong></span> <span class='ocrx_word' id='word_1_172' title='bbox 1119 2158 1175 2224; x_wconf 86' lang='grc' dir='ltr'><strong><em>καί</em></strong></span> <span class='ocrx_word' id='word_1_173' title='bbox 1199 2156 1273 2235; x_wconf 82' lang='grc' dir='ltr'><strong><em>τοίις</em></strong></span> <span class='ocrx_word' id='word_1_174' title='bbox 1291 2159 1443 2243; x_wconf 77' lang='grc' dir='ltr'><strong><em>βασιλέας</em></strong></span> <span class='ocrx_word' id='word_1_175' title='bbox 1524 2239 1525 2242; x_wconf 9' lang='lat'>¹</span> 
     </span>
     <span class='ocr_line' id='line_1_20' title="bbox 349 2252 1442 2346; baseline -0.004 -22"><span class='ocrx_word' id='word_1_176' title='bbox 349 2257 440 2343; x_wconf 72' lang='grc' dir='ltr'><strong><em>ἡμῶν</em></strong></span> <span class='ocrx_word' id='word_1_177' title='bbox 454 2258 540 2341; x_wconf 70' lang='grc' dir='ltr'><strong><em>ὑμᾶς</em></strong></span> <span class='ocrx_word' id='word_1_178' title='bbox 558 2257 679 2325; x_wconf 64' lang='lat' dir='ltr'>adrosis</span> <span class='ocrx_word' id='word_1_179' title='bbox 696 2261 854 2346; x_wconf 74' lang='grc' dir='ltr'><strong><em>ἀλλήλοις,</em></strong></span> <span class='ocrx_word' id='word_1_180' title='bbox 876 2257 957 2325; x_wconf 75' lang='grc' dir='ltr'><strong><em>ἀλλὰ</em></strong></span> <span class='ocrx_word' id='word_1_181' title='bbox 972 2258 1016 2344; x_wconf 92' lang='grc' dir='ltr'>μή</span> <span class='ocrx_word' id='word_1_182' title='bbox 1034 2258 1204 2342; x_wconf 84' lang='grc' dir='ltr'><strong><em>πολεμίους</em></strong></span> <span class='ocrx_word' id='word_1_183' title='bbox 1218 2253 1310 2340; x_wconf 77' lang='grc' dir='ltr'><strong><em>εἶναι,</em></strong></span> <span class='ocrx_word' id='word_1_184' title='bbox 1332 2252 1442 2323; x_wconf 76' lang='grc' dir='ltr'><strong><em>ποιοί-</em></strong></span> 
     </span>
     <span class='ocr_line' id='line_1_21' title="bbox 349 2351 1476 2446; baseline 0 -27"><span class='ocrx_word' id='word_1_185' title='bbox 349 2360 436 2439; x_wconf 86' lang='grc' dir='ltr'><strong><em>μεθα</em></strong></span> <span class='ocrx_word' id='word_1_186' title='bbox 453 2355 529 2442; x_wconf 87' lang='grc' dir='ltr'><strong><em>περί</em></strong></span> <span class='ocrx_word' id='word_1_187' title='bbox 542 2360 708 2441; x_wconf 84' lang='grc' dir='ltr'><strong><em>πλείστου,</em></strong></span> <span class='ocrx_word' id='word_1_188' title='bbox 729 2353 806 2446; x_wconf 80' lang='grc' dir='ltr'><strong><em>ὅπερ</em></strong></span> <span class='ocrx_word' id='word_1_189' title='bbox 824 2361 908 2425; x_wconf 77' lang='grc' dir='ltr'><strong><em>ἐστίν</em></strong></span> <span class='ocrx_word' id='word_1_190' title='bbox 927 2358 1044 2443; x_wconf 76' lang='grc' dir='ltr'><strong><em>ἀληθὲς</em></strong></span> <span class='ocrx_word' id='word_1_191' title='bbox 1064 2359 1257 2439; x_wconf 75' lang='grc' dir='ltr'><strong><em>ἐννοοῦντες,</em></strong></span> <span class='ocrx_word' id='word_1_192' title='bbox 1284 2356 1330 2432; x_wconf 81' lang='grc' dir='ltr'>ιδς</span> <span class='ocrx_word' id='word_1_193' title='bbox 1350 2351 1476 2438; x_wconf 56' lang='lat' dir='ltr'>dispicio</span> 
     </span>
     <span class='ocr_line' id='line_1_22' title="bbox 251 2453 1441 2542; baseline -0.002 -21"><span class='ocrx_word' id='word_1_194' title='bbox 251 2473 252 2481; x_wconf 76' lang='grc'>’</span> <span class='ocrx_word' id='word_1_195' title='bbox 348 2457 409 2538; x_wconf 81' lang='grc' dir='ltr'>μέν</span> <span class='ocrx_word' id='word_1_196' title='bbox 431 2453 546 2542; x_wconf 85' lang='grc' dir='ltr'><strong><em>φιλίως</em></strong></span> <span class='ocrx_word' id='word_1_197' title='bbox 566 2453 647 2538; x_wconf 81' lang='grc' dir='ltr'><strong><em>πρὸς</em></strong></span> <span class='ocrx_word' id='word_1_198' title='bbox 680 2457 834 2542; x_wconf 74' lang='grc' dir='ltr'><strong><em>ἀλλήλους</em></strong></span> <span class='ocrx_word' id='word_1_199' title='bbox 857 2460 1080 2541; x_wconf 77' lang='grc' dir='ltr'><strong><em>διακειμένων,</em></strong></span> <span class='ocrx_word' id='word_1_200' title='bbox 1111 2455 1168 2522; x_wconf 88' lang='grc' dir='ltr'><strong><em>καί</em></strong></span> <span class='ocrx_word' id='word_1_201' title='bbox 1188 2453 1228 2522; x_wconf 78' lang='grc' dir='ltr'>τὰ</span> <span class='ocrx_word' id='word_1_202' title='bbox 1257 2457 1313 2542; x_wconf 79' lang='grc' dir='ltr'>τῆς</span> <span class='ocrx_word' id='word_1_203' title='bbox 1337 2457 1441 2542; x_wconf 76' lang='grc' dir='ltr'><strong><em>ἀρχῆς</em></strong></span> 
     </span>
     <span class='ocr_line' id='line_1_23' title="bbox 350 2550 1525 2648; baseline 0.002 -30"><span class='ocrx_word' id='word_1_204' title='bbox 350 2551 514 2638; x_wconf 79' lang='grc' dir='ltr'><strong><em>αδξάνειν,</em></strong></span> <span class='ocrx_word' id='word_1_205' title='bbox 534 2550 567 2641; x_wconf 81' lang='grc' dir='ltr'>ἢ,</span> <span class='ocrx_word' id='word_1_206' title='bbox 587 2556 671 2640; x_wconf 82' lang='grc' dir='ltr'><strong><em>τόγε</em></strong></span> <span class='ocrx_word' id='word_1_207' title='bbox 688 2553 852 2645; x_wconf 71' lang='grc' dir='ltr'><strong><em>δεύτερον,</em></strong></span> <span class='ocrx_word' id='word_1_208' title='bbox 862 2556 915 2643; x_wconf 80' lang='grc' dir='ltr'>’μή</span> <span class='ocrx_word' id='word_1_209' title='bbox 929 2559 1143 2624; x_wconf 79' lang='grc' dir='ltr'><strong><em>ἐλασσοῦσθαι</em></strong></span> <span class='ocrx_word' id='word_1_210' title='bbox 1158 2554 1265 2634; x_wconf 86' lang='grc' dir='ltr'><strong><em>εἰκός·’</em></strong></span> <span class='ocrx_word' id='word_1_211' title='bbox 1279 2555 1440 2637; x_wconf 87' lang='grc' dir='ltr'><strong><em>πολεμίων</em></strong></span> <span class='ocrx_word' id='word_1_212' title='bbox 1524 2573 1525 2648; x_wconf 62' lang='grc' dir='ltr'><strong><em>γ</em></strong></span> 
     </span>
     <span class='ocr_line' id='line_1_24' title="bbox 350 2645 1441 2742; baseline -0.003 -22"><span class='ocrx_word' id='word_1_213' title='bbox 350 2656 388 2720; x_wconf 79' lang='grc' dir='ltr'>δὲ</span> <span class='ocrx_word' id='word_1_214' title='bbox 408 2653 557 2739; x_wconf 79' lang='grc' dir='ltr'><strong><em>εἶλλήλοις</em></strong></span> <span class='ocrx_word' id='word_1_215' title='bbox 577 2645 693 2739; x_wconf 73' lang='grc' dir='ltr'><strong><em>ὄντων,</em></strong></span> <span class='ocrx_word' id='word_1_216' title='bbox 725 2657 763 2722; x_wconf 80' lang='grc' dir='ltr'>οδ</span> <span class='ocrx_word' id='word_1_217' title='bbox 780 2654 878 2740; x_wconf 85' lang='grc' dir='ltr'><strong><em>μόνον</em></strong></span> <span class='ocrx_word' id='word_1_218' title='bbox 892 2656 955 2722; x_wconf 81' lang='lat' dir='ltr'>dud</span> <span class='ocrx_word' id='word_1_219' title='bbox 975 2659 1041 2721; x_wconf 76' lang='lat' dir='ltr'>coir</span> <span class='ocrx_word' id='word_1_220' title='bbox 1060 2655 1234 2742; x_wconf 88' lang='grc' dir='ltr'><strong><em>προσοίκων</em></strong></span> <span class='ocrx_word' id='word_1_221' title='bbox 1257 2653 1441 2742; x_wconf 76' lang='grc' dir='ltr'><strong><em>βαρβάρων,</em></strong></span> 
     </span>
     <span class='ocr_line' id='line_1_25' title="bbox 350 2749 1442 2843; baseline 0.002 -26"><span class='ocrx_word' id='word_1_222' title='bbox 350 2749 431 2817; x_wconf 73' lang='grc' dir='ltr'><strong><em>ἀλλὰ</em></strong></span> <span class='ocrx_word' id='word_1_223' title='bbox 446 2752 502 2818; x_wconf 81' lang='grc' dir='ltr'><strong><em>καί</em></strong></span> <span class='ocrx_word' id='word_1_224' title='bbox 517 2753 576 2842; x_wconf 77' lang='lat' dir='ltr'>sip’</span> <span class='ocrx_word' id='word_1_225' title='bbox 594 2753 683 2838; x_wconf 78' lang='grc' dir='ltr'>δμῶν</span> <span class='ocrx_word' id='word_1_226' title='bbox 701 2757 806 2823; x_wconf 73' lang='grc' dir='ltr'><strong><em>αὐτῶν</em></strong></span> <span class='ocrx_word' id='word_1_227' title='bbox 822 2755 879 2843; x_wconf 86' lang='grc' dir='ltr'>τήν</span> <span class='ocrx_word' id='word_1_228' title='bbox 900 2754 1054 2842; x_wconf 72' lang='grc' dir='ltr'><strong><em>ὑμετέραν</em></strong></span> <span class='ocrx_word' id='word_1_229' title='bbox 1073 2751 1242 2842; x_wconf 78' lang='grc' dir='ltr'><strong><em>ἡγεμονίαν</em></strong></span> <span class='ocrx_word' id='word_1_230' title='bbox 1260 2750 1442 2840; x_wconf 81' lang='grc' dir='ltr'><strong><em>καταλυθή-</em></strong></span> 
     </span>
    </p>
   </div>
   <div class='ocr_carea' id='block_1_3' title="bbox 350 2903 1525 3118">
    <p class='ocr_par' dir='ltr' id='par_1_3' title="bbox 350 2903 1525 3118">
     <span class='ocr_line' id='line_1_26' title="bbox 350 2903 1442 2978; baseline 0.003 -21"><span class='ocrx_word' id='word_1_231' title='bbox 350 2910 401 2967; x_wconf 74' lang='grc' dir='ltr'><strong><em>εει,</em></strong></span> <span class='ocrx_word' id='word_1_232' title='bbox 420 2903 569 2956; x_wconf 85' lang='lat' dir='ltr'>Tzurulum</span> <span class='ocrx_word' id='word_1_233' title='bbox 589 2903 655 2960; x_wconf 89' lang='lat' dir='ltr'>inde</span> <span class='ocrx_word' id='word_1_234' title='bbox 672 2905 829 2975; x_wconf 84' lang='lat' dir='ltr'>proiectus,</span> <span class='ocrx_word' id='word_1_235' title='bbox 865 2913 951 2958; x_wconf 82' lang='lat' dir='ltr'>eastra</span> <span class='ocrx_word' id='word_1_236' title='bbox 969 2907 1036 2958; x_wconf 83' lang='lat' dir='ltr'>fecit</span> <span class='ocrx_word' id='word_1_237' title='bbox 1054 2912 1084 2958; x_wconf 91' lang='lat' dir='ltr'>et</span> <span class='ocrx_word' id='word_1_238' title='bbox 1098 2905 1157 2958; x_wconf 90' lang='lat' dir='ltr'>dies</span> <span class='ocrx_word' id='word_1_239' title='bbox 1178 2905 1285 2978; x_wconf 78' lang='lat' dir='ltr'>aliquot</span> <span class='ocrx_word' id='word_1_240' title='bbox 1302 2906 1345 2960; x_wconf 91' lang='lat' dir='ltr'>ibi</span> <span class='ocrx_word' id='word_1_241' title='bbox 1362 2923 1442 2960; x_wconf 86' lang='lat' dir='ltr'>man-</span> 
     </span>
     <span class='ocr_line' id='line_1_27' title="bbox 350 2974 1440 3047; baseline 0.003 -21"><span class='ocrx_word' id='word_1_242' title='bbox 350 2975 402 3026; x_wconf 86' lang='lat' dir='ltr'>sit:</span> <span class='ocrx_word' id='word_1_243' title='bbox 421 2974 502 3026; x_wconf 87' lang='lat' dir='ltr'>simul</span> <span class='ocrx_word' id='word_1_244' title='bbox 519 2984 631 3046; x_wconf 86' lang='lat' dir='ltr'>propter</span> <span class='ocrx_word' id='word_1_245' title='bbox 649 2978 779 3047; x_wconf 82' lang='lat' dir='ltr'>frigorum</span> <span class='ocrx_word' id='word_1_246' title='bbox 797 2978 990 3039; x_wconf 80' lang='lat' dir='ltr'>acerbitatem,</span> <span class='ocrx_word' id='word_1_247' title='bbox 1009 2975 1108 3046; x_wconf 87' lang='lat' dir='ltr'>(hiems</span> <span class='ocrx_word' id='word_1_248' title='bbox 1127 2977 1201 3028; x_wconf 87' lang='lat' dir='ltr'>enim</span> <span class='ocrx_word' id='word_1_249' title='bbox 1219 2985 1296 3042; x_wconf 83' lang='lat' dir='ltr'>erat,</span> <span class='ocrx_word' id='word_1_250' title='bbox 1316 2985 1346 3030; x_wconf 90' lang='lat' dir='ltr'>et</span> <span class='ocrx_word' id='word_1_251' title='bbox 1363 2994 1440 3029; x_wconf 89' lang='lat' dir='ltr'>men-</span> 
     </span>
     <span class='ocr_line' id='line_1_28' title="bbox 350 3043 1525 3118; baseline 0.003 -22"><span class='ocrx_word' id='word_1_252' title='bbox 350 3045 387 3096; x_wconf 94' lang='lat' dir='ltr'>sis</span> <span class='ocrx_word' id='word_1_253' title='bbox 405 3043 589 3116; x_wconf 84' lang='lat' dir='ltr'>December‚)&#39;</span> <span class='ocrx_word' id='word_1_254' title='bbox 605 3047 689 3099; x_wconf 91' lang='lat' dir='ltr'>simul</span> <span class='ocrx_word' id='word_1_255' title='bbox 706 3055 738 3099; x_wconf 90' lang='lat' dir='ltr'>ut</span> <span class='ocrx_word' id='word_1_256' title='bbox 755 3056 783 3100; x_wconf 87' lang='lat' dir='ltr'>et</span> <span class='ocrx_word' id='word_1_257' title='bbox 804 3055 891 3100; x_wconf 86' lang='lat' dir='ltr'>cetera</span> <span class='ocrx_word' id='word_1_258' title='bbox 910 3065 973 3118; x_wconf 83' lang='lat' dir='ltr'>pars</span> <span class='ocrx_word' id='word_1_259' title='bbox 993 3047 1126 3098; x_wconf 86' lang='lat' dir='ltr'>exercitus</span> <span class='ocrx_word' id='word_1_260' title='bbox 1145 3047 1249 3098; x_wconf 84' lang='lat' dir='ltr'>interea</span> <span class='ocrx_word' id='word_1_261' title='bbox 1268 3049 1439 3112; x_wconf 53' lang='lat' dir='ltr'>convenirem</span> <span class='ocrx_word' id='word_1_262' title='bbox 1524 3053 1525 3092; x_wconf 71' lang='lat' dir='ltr'>t</span> 
     </span>
    </p>
   </div>
   <div class='ocr_carea' id='block_1_4' title="bbox 260 3185 1525 4316">
    <p class='ocr_par' dir='ltr' id='par_1_4' title="bbox 260 3185 1525 4316">
     <span class='ocr_line' id='line_1_29' title="bbox 350 3185 1440 3308; baseline 0.003 -73"><span class='ocrx_word' id='word_1_263' title='bbox 350 3185 445 3236; x_wconf 78' lang='lat' dir='ltr'>civitas</span> <span class='ocrx_word' id='word_1_264' title='bbox 472 3185 525 3237; x_wconf 89' lang='lat' dir='ltr'>lide</span> <span class='ocrx_word' id='word_1_265' title='bbox 549 3195 628 3255; x_wconf 86' lang='lat' dir='ltr'>rupta</span> <span class='ocrx_word' id='word_1_266' title='bbox 651 3189 686 3241; x_wconf 87' lang='lat' dir='ltr'>ad</span> <span class='ocrx_word' id='word_1_267' title='bbox 708 3190 843 3240; x_wconf 74' lang='lat' dir='ltr'>seniorem</span> <span class='ocrx_word' id='word_1_268' title='bbox 866 3187 1012 3240; x_wconf 75' lang='lat' dir='ltr'>defecisset</span> <span class='ocrx_word' id='word_1_269' title='bbox 1036 3194 1064 3240; x_wconf 88' lang='lat' dir='ltr'>et</span> <span class='ocrx_word' id='word_1_270' title='bbox 1099 3188 1241 3308; x_wconf 61' lang='lat' dir='ltr'>pupiannes</span> <span class='ocrx_word' id='word_1_271' title='bbox 1268 3205 1329 3239; x_wconf 92' lang='lat' dir='ltr'>cum</span> <span class='ocrx_word' id='word_1_272' title='bbox 1355 3189 1440 3258; x_wconf 87' lang='lat' dir='ltr'>copiis</span> 
     </span>
     <span class='ocr_line' id='line_1_30' title="bbox 349 3255 1440 3328; baseline 0.002 -23"><span class='ocrx_word' id='word_1_273' title='bbox 349 3255 479 3321; x_wconf 80' lang='lat' dir='ltr'>Byzantio</span> <span class='ocrx_word' id='word_1_274' title='bbox 498 3259 616 3324; x_wconf 89' lang='lat' dir='ltr'>acceptis</span> <span class='ocrx_word' id='word_1_275' title='bbox 635 3274 694 3310; x_wconf 85' lang='lat' dir='ltr'>cam</span> <span class='ocrx_word' id='word_1_276' title='bbox 713 3258 862 3322; x_wconf 78' lang='lat' dir='ltr'>insideret,</span> <span class='ocrx_word' id='word_1_277' title='bbox 890 3261 950 3312; x_wconf 89' lang='lat' dir='ltr'>cius</span> <span class='ocrx_word' id='word_1_278' title='bbox 977 3273 1123 3328; x_wconf 88' lang='lat' dir='ltr'>reeuperan</span> <span class='ocrx_word' id='word_1_279' title='bbox 1145 3275 1176 3310; x_wconf 89' lang='lat' dir='ltr'>ae</span> <span class='ocrx_word' id='word_1_280' title='bbox 1193 3258 1346 3327; x_wconf 83' lang='lat' dir='ltr'>periculum</span> <span class='ocrx_word' id='word_1_281' title='bbox 1365 3261 1440 3328; x_wconf 89' lang='lat' dir='ltr'>prins</span> 
     </span>
     <span class='ocr_line' id='line_1_31' title="bbox 350 3323 1439 3398; baseline 0.005 -24"><span class='ocrx_word' id='word_1_282' title='bbox 350 3324 437 3375; x_wconf 84' lang='lat' dir='ltr'>fieret.</span> <span class='ocrx_word' id='word_1_283' title='bbox 473 3323 613 3378; x_wconf 85' lang='lat' dir='ltr'>Nonnulla</span> <span class='ocrx_word' id='word_1_284' title='bbox 632 3335 755 3398; x_wconf 87' lang='lat' dir='ltr'>tempore</span> <span class='ocrx_word' id='word_1_285' title='bbox 774 3329 832 3380; x_wconf 93' lang='lat' dir='ltr'>illic</span> <span class='ocrx_word' id='word_1_286' title='bbox 845 3338 1014 3398; x_wconf 88' lang='lat' dir='ltr'>consumpto,</span> <span class='ocrx_word' id='word_1_287' title='bbox 1032 3347 1047 3381; x_wconf 91' lang='lat' dir='ltr'>o</span> <span class='ocrx_word' id='word_1_288' title='bbox 1069 3330 1177 3380; x_wconf 83' lang='lat' dir='ltr'>timates</span> <span class='ocrx_word' id='word_1_289' title='bbox 1195 3346 1225 3381; x_wconf 89' lang='lat' dir='ltr'>ac</span> <span class='ocrx_word' id='word_1_290' title='bbox 1243 3328 1326 3381; x_wconf 88' lang='lat' dir='ltr'>duces</span> <span class='ocrx_word' id='word_1_291' title='bbox 1336 3344 1439 3398; x_wconf 60' lang='lat' dir='ltr'>omnes</span> 
     </span>
     <span class='ocr_line' id='line_1_32' title="bbox 351 3346 1441 3470; baseline 0.004 -25"><span class='ocrx_word' id='word_1_292' title='bbox 351 3399 493 3456; x_wconf 72' lang='lat' dir='ltr'>enitentes,</span> <span class='ocrx_word' id='word_1_293' title='bbox 510 3395 674 3462; x_wconf 80' lang='lat' dir='ltr'>legationem</span> <span class='ocrx_word' id='word_1_294' title='bbox 695 3397 730 3449; x_wconf 89' lang='lat' dir='ltr'>ad</span> <span class='ocrx_word' id='word_1_295' title='bbox 748 3400 883 3451; x_wconf 87' lang='lat' dir='ltr'>seniorem</span> <span class='ocrx_word' id='word_1_296' title='bbox 903 3399 937 3452; x_wconf 87' lang='lat' dir='ltr'>de</span> <span class='ocrx_word' id='word_1_297' title='bbox 957 3415 1024 3468; x_wconf 88' lang='lat' dir='ltr'>pace</span> <span class='ocrx_word' id='word_1_298' title='bbox 1042 3346 1227 3452; x_wconf 76' lang='lat' dir='ltr'>decreverunt.</span> <span class='ocrx_word' id='word_1_299' title='bbox 1264 3401 1302 3452; x_wconf 87' lang='lat' dir='ltr'>lle</span> <span class='ocrx_word' id='word_1_300' title='bbox 1322 3401 1441 3470; x_wconf 79' lang='lat' dir='ltr'>cognita,</span> 
     </span>
     <span class='ocr_line' id='line_1_33' title="bbox 350 3467 1441 3544; baseline 0.007 -30"><span class='ocrx_word' id='word_1_301' title='bbox 350 3477 412 3514; x_wconf 90' lang='lat' dir='ltr'>eum</span> <span class='ocrx_word' id='word_1_302' title='bbox 431 3473 460 3516; x_wconf 92' lang='lat' dir='ltr'>et</span> <span class='ocrx_word' id='word_1_303' title='bbox 484 3480 571 3533; x_wconf 87' lang='lat' dir='ltr'>nepos</span> <span class='ocrx_word' id='word_1_304' title='bbox 596 3482 628 3518; x_wconf 89' lang='lat' dir='ltr'>eo</span> <span class='ocrx_word' id='word_1_305' title='bbox 648 3467 847 3538; x_wconf 81' lang='lat' dir='ltr'>propenderet,</span> <span class='ocrx_word' id='word_1_306' title='bbox 865 3473 1015 3540; x_wconf 79' lang='lat' dir='ltr'>gregarium</span> <span class='ocrx_word' id='word_1_307' title='bbox 1045 3469 1197 3544; x_wconf 84' lang='lat' dir='ltr'>quendam,</span> <span class='ocrx_word' id='word_1_308' title='bbox 1228 3469 1441 3522; x_wconf 79' lang='lat' dir='ltr'>Calccbaereten</span> 
     </span>
     <span class='ocr_line' id='line_1_34' title="bbox 349 3533 1443 3612; baseline 0.004 -26"><span class='ocrx_word' id='word_1_309' title='bbox 349 3533 472 3595; x_wconf 87' lang='lat' dir='ltr'>nomine,</span> <span class='ocrx_word' id='word_1_310' title='bbox 491 3550 553 3586; x_wconf 87' lang='lat' dir='ltr'>cum</span> <span class='ocrx_word' id='word_1_311' title='bbox 570 3535 670 3589; x_wconf 88' lang='lat' dir='ltr'>litteris</span> <span class='ocrx_word' id='word_1_312' title='bbox 687 3540 816 3591; x_wconf 82' lang='lat' dir='ltr'>mittunt:</span> <span class='ocrx_word' id='word_1_313' title='bbox 833 3556 884 3609; x_wconf 88' lang='lat' dir='ltr'>per</span> <span class='ocrx_word' id='word_1_314' title='bbox 900 3541 1005 3593; x_wconf 78' lang='lat' dir='ltr'>litteras</span> <span class='ocrx_word' id='word_1_315' title='bbox 1023 3543 1096 3594; x_wconf 89' lang='lat' dir='ltr'>enim</span> <span class='ocrx_word' id='word_1_316' title='bbox 1115 3541 1215 3612; x_wconf 81' lang='lat' dir='ltr'>legatio</span> <span class='ocrx_word' id='word_1_317' title='bbox 1234 3541 1443 3604; x_wconf 69' lang='lat' dir='ltr'>conficiebatur,</span> 
     </span>
     <span class='ocr_line' id='line_1_35' title="bbox 350 3601 1440 3674; baseline 0.004 -18"><span class='ocrx_word' id='word_1_318' title='bbox 350 3605 410 3674; x_wconf 90' lang='lat' dir='ltr'>lpse</span> <span class='ocrx_word' id='word_1_319' title='bbox 432 3601 572 3656; x_wconf 77' lang='lat' dir='ltr'>tabellarii</span> <span class='ocrx_word' id='word_1_320' title='bbox 591 3608 780 3662; x_wconf 88' lang='lat' dir='ltr'>tantummodo</span> <span class='ocrx_word' id='word_1_321' title='bbox 804 3610 894 3662; x_wconf 87' lang='lat' dir='ltr'>locum</span> <span class='ocrx_word' id='word_1_322' title='bbox 917 3612 1038 3666; x_wconf 83' lang='lat' dir='ltr'>tenebat</span> <span class='ocrx_word' id='word_1_323' title='bbox 1082 3612 1179 3664; x_wconf 85' lang='lat' dir='ltr'>Earum</span> <span class='ocrx_word' id='word_1_324' title='bbox 1195 3611 1350 3663; x_wconf 87' lang='lat' dir='ltr'>litterarum</span> <span class='ocrx_word' id='word_1_325' title='bbox 1373 3609 1440 3662; x_wconf 85' lang='lat' dir='ltr'>lracc</span> 
     </span>
     <span class='ocr_line' id='line_1_36' title="bbox 349 3675 1525 3752; baseline 0.004 -27"><span class='ocrx_word' id='word_1_326' title='bbox 349 3675 405 3726; x_wconf 82' lang='lat' dir='ltr'>luit</span> <span class='ocrx_word' id='word_1_327' title='bbox 422 3676 574 3727; x_wconf 87' lang='lat' dir='ltr'>sententis:</span> <span class='ocrx_word' id='word_1_328' title='bbox 603 3676 667 3741; x_wconf 88' lang='lat' dir='ltr'>Nos,</span> <span class='ocrx_word' id='word_1_329' title='bbox 686 3680 834 3749; x_wconf 86' lang='lat' dir='ltr'>imperator</span> <span class='ocrx_word' id='word_1_330' title='bbox 851 3681 966 3752; x_wconf 90' lang='lat' dir='ltr'>optime,</span> <span class='ocrx_word' id='word_1_331' title='bbox 993 3679 1059 3734; x_wconf 87' lang='lat' dir='ltr'>inde</span> <span class='ocrx_word' id='word_1_332' title='bbox 1079 3698 1166 3752; x_wconf 88' lang='lat' dir='ltr'>usque</span> <span class='ocrx_word' id='word_1_333' title='bbox 1185 3698 1200 3734; x_wconf 88' lang='lat' dir='ltr'>a</span> <span class='ocrx_word' id='word_1_334' title='bbox 1218 3681 1368 3734; x_wconf 88' lang='lat' dir='ltr'>maioribus</span> <span class='ocrx_word' id='word_1_335' title='bbox 1389 3682 1440 3733; x_wconf 80' lang='lat' dir='ltr'>ltc-</span> <span class='ocrx_word' id='word_1_336' title='bbox 1524 3713 1525 3730; x_wconf 56' lang='grc' dir='ltr'><strong><em>ι</em></strong></span> 
     </span>
     <span class='ocr_line' id='line_1_37' title="bbox 348 3739 1525 3840; baseline 0.002 -43"><span class='ocrx_word' id='word_1_337' title='bbox 348 3745 441 3807; x_wconf 86' lang='lat' dir='ltr'>mani,</span> <span class='ocrx_word' id='word_1_338' title='bbox 474 3753 503 3797; x_wconf 87' lang='lat' dir='ltr'>ct</span> <span class='ocrx_word' id='word_1_339' title='bbox 529 3739 691 3800; x_wconf 84' lang='lat' dir='ltr'>ielicitatern</span> <span class='ocrx_word' id='word_1_340' title='bbox 713 3753 894 3804; x_wconf 83' lang='lat' dir='ltr'>Romanorum</span> <span class='ocrx_word' id='word_1_341' title='bbox 920 3751 1081 3806; x_wconf 79' lang='lat' dir='ltr'>beatitatem</span> <span class='ocrx_word' id='word_1_342' title='bbox 1107 3761 1227 3804; x_wconf 83' lang='lat' dir='ltr'>nostram</span> <span class='ocrx_word' id='word_1_343' title='bbox 1249 3759 1278 3803; x_wconf 92' lang='lat' dir='ltr'>et</span> <span class='ocrx_word' id='word_1_344' title='bbox 1301 3752 1439 3804; x_wconf 87' lang='lat' dir='ltr'>miseriam</span> <span class='ocrx_word' id='word_1_345' title='bbox 1524 3785 1525 3840; x_wconf 67' lang='lat' dir='ltr'>l</span> 
     </span>
     <span class='ocr_line' id='line_1_38' title="bbox 271 3811 1525 3893; baseline 0.003 -25"><span class='ocrx_word' id='word_1_346' title='bbox 271 3877 280 3886; x_wconf 45' lang='lat'><strong>·</strong></span> <span class='ocrx_word' id='word_1_347' title='bbox 349 3811 499 3869; x_wconf 86' lang='lat' dir='ltr'>eorundem</span> <span class='ocrx_word' id='word_1_348' title='bbox 516 3816 698 3872; x_wconf 82' lang='lat' dir='ltr'>infortunium</span> <span class='ocrx_word' id='word_1_349' title='bbox 715 3830 839 3874; x_wconf 87' lang='lat' dir='ltr'>nostrum</span> <span class='ocrx_word' id='word_1_350' title='bbox 859 3839 918 3874; x_wconf 86' lang='lat' dir='ltr'>csse</span> <span class='ocrx_word' id='word_1_351' title='bbox 936 3825 1087 3892; x_wconf 89' lang='lat' dir='ltr'>opinamur.</span> <span class='ocrx_word' id='word_1_352' title='bbox 1119 3820 1304 3893; x_wconf 81' lang='lat' dir='ltr'>Quamobrem</span> <span class='ocrx_word' id='word_1_353' title='bbox 1321 3839 1369 3874; x_wconf 78' lang='grc' dir='ltr'>τοι</span> <span class='ocrx_word' id='word_1_354' title='bbox 1388 3821 1438 3872; x_wconf 92' lang='lat' dir='ltr'>im·</span> <span class='ocrx_word' id='word_1_355' title='bbox 1524 3841 1525 3854; x_wconf 54' lang='grc' dir='ltr'><strong><em>ι</em></strong></span> 
     </span>
     <span class='ocr_line' id='line_1_39' title="bbox 346 3890 1438 3955; baseline 0.004 -17"><span class='ocrx_word' id='word_1_356' title='bbox 346 3893 485 3955; x_wconf 88' lang='lat' dir='ltr'>peratores</span> <span class='ocrx_word' id='word_1_357' title='bbox 505 3895 612 3940; x_wconf 87' lang='lat' dir='ltr'>nostros</span> <span class='ocrx_word' id='word_1_358' title='bbox 629 3908 687 3944; x_wconf 90' lang='lat' dir='ltr'>non</span> <span class='ocrx_word' id='word_1_359' title='bbox 706 3899 738 3942; x_wconf 91' lang='lat' dir='ltr'>ut</span> <span class='ocrx_word' id='word_1_360' title='bbox 756 3890 849 3944; x_wconf 74' lang='lat' dir='ltr'>hostes</span> <span class='ocrx_word' id='word_1_361' title='bbox 868 3891 1040 3955; x_wconf 80' lang='lat' dir='ltr'>discordare,</span> <span class='ocrx_word' id='word_1_362' title='bbox 1067 3890 1114 3944; x_wconf 87' lang='lat' dir='ltr'>sed</span> <span class='ocrx_word' id='word_1_363' title='bbox 1142 3901 1173 3944; x_wconf 90' lang='lat' dir='ltr'>ut</span> <span class='ocrx_word' id='word_1_364' title='bbox 1196 3893 1295 3944; x_wconf 87' lang='lat' dir='ltr'>amicos</span> <span class='ocrx_word' id='word_1_365' title='bbox 1324 3909 1438 3944; x_wconf 88' lang='lat' dir='ltr'>eoncor-</span> 
     </span>
     <span class='ocr_line' id='line_1_40' title="bbox 348 3957 1438 4032; baseline 0.003 -23"><span class='ocrx_word' id='word_1_366' title='bbox 348 3957 415 4009; x_wconf 87' lang='lat' dir='ltr'>dare</span> <span class='ocrx_word' id='word_1_367' title='bbox 432 3957 617 4027; x_wconf 75' lang='lat' dir='ltr'>maximopere</span> <span class='ocrx_word' id='word_1_368' title='bbox 635 3960 772 4030; x_wconf 86' lang='lat' dir='ltr'>cupimus:</span> <span class='ocrx_word' id='word_1_369' title='bbox 796 3979 860 4015; x_wconf 84' lang='lat' dir='ltr'>vere</span> <span class='ocrx_word' id='word_1_370' title='bbox 879 3965 1043 4032; x_wconf 79' lang='lat' dir='ltr'>cogitantes,</span> <span class='ocrx_word' id='word_1_371' title='bbox 1062 3962 1233 4020; x_wconf 87' lang='lat' dir='ltr'>concordiam</span> <span class='ocrx_word' id='word_1_372' title='bbox 1250 3971 1368 4016; x_wconf 76' lang='lat' dir='ltr'>vestram</span> <span class='ocrx_word' id='word_1_373' title='bbox 1387 3965 1438 4013; x_wconf 88' lang='lat' dir='ltr'>im·</span> 
     </span>
     <span class='ocr_line' id='line_1_41' title="bbox 346 4027 1436 4097; baseline 0.004 -19"><span class='ocrx_word' id='word_1_374' title='bbox 346 4027 420 4096; x_wconf 91' lang='lat' dir='ltr'>perii</span> <span class='ocrx_word' id='word_1_375' title='bbox 437 4028 645 4094; x_wconf 87' lang='lat' dir='ltr'>incrementum,</span> <span class='ocrx_word' id='word_1_376' title='bbox 661 4040 710 4084; x_wconf 87' lang='lat' dir='ltr'>aut</span> <span class='ocrx_word' id='word_1_377' title='bbox 728 4039 812 4096; x_wconf 85' lang='lat' dir='ltr'>certe,</span> <span class='ocrx_word' id='word_1_378' title='bbox 831 4040 863 4084; x_wconf 92' lang='lat' dir='ltr'>ut</span> <span class='ocrx_word' id='word_1_379' title='bbox 878 4034 1026 4087; x_wconf 83' lang='lat' dir='ltr'>verisimile</span> <span class='ocrx_word' id='word_1_380' title='bbox 1048 4039 1105 4097; x_wconf 84' lang='lat' dir='ltr'>est,</span> <span class='ocrx_word' id='word_1_381' title='bbox 1125 4033 1229 4086; x_wconf 86' lang='lat' dir='ltr'>nullum</span> <span class='ocrx_word' id='word_1_382' title='bbox 1247 4032 1370 4086; x_wconf 87' lang='lat' dir='ltr'>eiusdem</span> <span class='ocrx_word' id='word_1_383' title='bbox 1388 4031 1436 4082; x_wconf 91' lang='lat' dir='ltr'>de·</span> 
     </span>
     <span class='ocr_line' id='line_1_42' title="bbox 347 4099 1436 4158; baseline 0 -8"><span class='ocrx_word' id='word_1_384' title='bbox 347 4099 508 4152; x_wconf 88' lang='lat' dir='ltr'>trimentum</span> <span class='ocrx_word' id='word_1_385' title='bbox 525 4115 600 4152; x_wconf 85' lang='lat' dir='ltr'>esse:</span> <span class='ocrx_word' id='word_1_386' title='bbox 630 4109 723 4154; x_wconf 87' lang='lat' dir='ltr'>eontra</span> <span class='ocrx_word' id='word_1_387' title='bbox 741 4101 894 4154; x_wconf 86' lang='lat' dir='ltr'>inimicitiis</span> <span class='ocrx_word' id='word_1_388' title='bbox 914 4107 1011 4156; x_wconf 84' lang='lat' dir='ltr'>restris</span> <span class='ocrx_word' id='word_1_389' title='bbox 1029 4121 1085 4158; x_wconf 91' lang='lat' dir='ltr'>non</span> <span class='ocrx_word' id='word_1_390' title='bbox 1101 4103 1183 4156; x_wconf 90' lang='lat' dir='ltr'>modo</span> <span class='ocrx_word' id='word_1_391' title='bbox 1200 4124 1216 4158; x_wconf 82' lang='lat' dir='ltr'>a</span> <span class='ocrx_word' id='word_1_392' title='bbox 1232 4103 1356 4156; x_wconf 86' lang='lat' dir='ltr'>barbaris</span> <span class='ocrx_word' id='word_1_393' title='bbox 1375 4101 1436 4153; x_wconf 88' lang='lat' dir='ltr'>lini·</span> 
     </span>
     <span class='ocr_line' id='line_1_43' title="bbox 260 4167 1435 4243; baseline 0.003 -24"><span class='ocrx_word' id='word_1_394' title='bbox 260 4229 264 4234; x_wconf 27' lang='lat'>¹</span> <span class='ocrx_word' id='word_1_395' title='bbox 347 4167 440 4234; x_wconf 78' lang='lat' dir='ltr'>timis„</span> <span class='ocrx_word' id='word_1_396' title='bbox 455 4171 647 4224; x_wconf 78' lang='lat' dir='ltr'>verumetiam</span> <span class='ocrx_word' id='word_1_397' title='bbox 663 4187 678 4222; x_wconf 87' lang='lat' dir='ltr'>a</span> <span class='ocrx_word' id='word_1_398' title='bbox 695 4170 773 4225; x_wconf 84' lang='lat' dir='ltr'>robis</span> <span class='ocrx_word' id='word_1_399' title='bbox 783 4173 850 4242; x_wconf 85' lang='lat' dir='ltr'>ipsis</span> <span class='ocrx_word' id='word_1_400' title='bbox 867 4173 1052 4243; x_wconf 85' lang='lat' dir='ltr'>principatum</span> <span class='ocrx_word' id='word_1_401' title='bbox 1069 4183 1189 4228; x_wconf 85' lang='lat' dir='ltr'>vestrum</span> <span class='ocrx_word' id='word_1_402' title='bbox 1207 4171 1373 4226; x_wconf 79' lang='lat' dir='ltr'>dectructum</span> <span class='ocrx_word' id='word_1_403' title='bbox 1394 4177 1435 4222; x_wconf 85' lang='lat' dir='ltr'>st-</span> 
     </span>
     <span class='ocr_line' id='line_1_44' title="bbox 349 4235 1434 4316; baseline 0.004 -24"><span class='ocrx_word' id='word_1_404' title='bbox 349 4235 404 4308; x_wconf 68' lang='lat' dir='ltr'>qnc</span> <span class='ocrx_word' id='word_1_405' title='bbox 421 4253 545 4300; x_wconf 75' lang='lat' dir='ltr'>euersum</span> <span class='ocrx_word' id='word_1_406' title='bbox 560 4238 605 4300; x_wconf 71' lang='lat' dir='ltr'>iri,</span> <span class='ocrx_word' id='word_1_407' title='bbox 647 4239 796 4315; x_wconf 75' lang='lat' dir='ltr'>Aliquanto</span> <span class='ocrx_word' id='word_1_408' title='bbox 820 4243 904 4316; x_wconf 80' lang='lat' dir='ltr'>igitur</span> <span class='ocrx_word' id='word_1_409' title='bbox 927 4243 1044 4298; x_wconf 78' lang='lat' dir='ltr'>antchac</span> <span class='ocrx_word' id='word_1_410' title='bbox 1068 4243 1182 4300; x_wconf 84' lang='lat' dir='ltr'>suborta</span> <span class='ocrx_word' id='word_1_411' title='bbox 1199 4243 1383 4308; x_wconf 84' lang='lat' dir='ltr'>dissensione,</span> <span class='ocrx_word' id='word_1_412' title='bbox 1406 4246 1434 4296; x_wconf 85' lang='lat' dir='ltr'>st</span> 
     </span>
    </p>
   </div>
   <div class='ocr_carea' id='block_1_5' title="bbox 350 3113 1449 3238">
    <p class='ocr_par' dir='ltr' id='par_1_5' title="bbox 350 3093 1525 3534">
     <span class='ocr_line' id='line_1_45' title="bbox 350 3113 1449 3238; baseline 0.002 -72"><span class='ocrx_word' id='word_1_413' title='bbox 350 3113 481 3186; x_wconf 88' lang='lat' dir='ltr'>quodque</span> <span class='ocrx_word' id='word_1_414' title='bbox 499 3117 609 3168; x_wconf 84' lang='lat' dir='ltr'>maioris</span> <span class='ocrx_word' id='word_1_415' title='bbox 637 3119 735 3189; x_wconf 87' lang='lat' dir='ltr'>utique</span> <span class='ocrx_word' id='word_1_416' title='bbox 760 3119 890 3172; x_wconf 87' lang='lat' dir='ltr'>momenti</span> <span class='ocrx_word' id='word_1_417' title='bbox 910 3126 984 3180; x_wconf 88' lang='lat' dir='ltr'>erat,</span> <span class='ocrx_word' id='word_1_418' title='bbox 1014 3127 1047 3170; x_wconf 92' lang='lat' dir='ltr'>ut</span> <span class='ocrx_word' id='word_1_419' title='bbox 1075 3119 1139 3238; x_wconf 58' lang='lat' dir='ltr'>«puin</span> <span class='ocrx_word' id='word_1_420' title='bbox 1158 3117 1290 3170; x_wconf 78' lang='lat' dir='ltr'>Heraclea</span> <span class='ocrx_word' id='word_1_421' title='bbox 1307 3117 1449 3170; x_wconf 83' lang='lat' dir='ltr'>Thraciae·</span> 
     </span>
    </p>
   </div>
   <div class='ocr_carea' id='block_1_6' title="bbox 0 0 1562 4930">
    <p class='ocr_par' dir='ltr' id='par_1_6' title="bbox 0 0 1562 4930">
     <span class='ocr_line' id='line_1_46' title="bbox 0 0 1562 4930; baseline 0 0"><span class='ocrx_word' id='word_1_422' title='bbox 0 0 1562 4930; x_wconf 95' lang='lat' dir='ltr'> </span> 
     </span>
    </p>
   </div>
  </div>
 </body>
</html>
