3128 4922
305 357 425 430 XXXVI
523 367 548 424 1.
568 353 745 426 nontam
767 353 1022 423 axrmnarro
1042 353 1314 427 DlGlilon'lUM.

305 517 369 585 siue
383 521 514 605 legiones
536 517 646 597 dictae,
667 517 861 602 postmodum
883 519 1044 580 imminuta
1064 509 1197 580 Heraclii
1215 519 1402 601 temporibus

304 601 441 668 Romana
466 604 600 687 potentia
621 609 651 662 et
665 603 804 662 trumoalo
820 601 961 684 imperio,
983 594 1134 681 θεμάτων
1151 622 1264 663 nomen
1285 625 1403 688 aocepe·

305 702 389 766 nint,
412 697 547 750 carentes
565 689 626 746 iam
639 685 735 746 veteri
750 679 950 768 amplitudine
967 707 1034 746 sua.
1076 681 1156 745 Vide
1174 682 1310 746 libellum
1326 687 1403 750 Con·

305 771 428 834 stantini
447 771 755 854 Porphyrogcanetae
774 768 813 830 de
826 768 1011 830 thematibus
1031 761 1095 830 sive
1109 768 1149 850 de
1163 771 1334 850 agminibus
1349 775 1403 832 mi·

248 901 253 910 ι
305 849 444 918 litaribus
465 877 520 938 per
538 855 700 936 imperium
713 846 858 914 orientale
872 851 1051 914 distributis.
1097 849 1155 911 Hic
1169 849 1338 934 praefectus
1350 855 1405 916 bu·

305 933 471 1002 iuscemodi
491 939 645 1022 agminum
665 933 722 1021 per
737 932 900 998 occidentis
928 927 1020 998 urbes
1039 928 1271 998 distributorum
1296 933 1404 1000 intelli·

326 1023 422 1086 endus
445 1033 501 1084 est.

264 1171 267 1174 ,
306 1047 325 1105 g
387 1095 691 1184 Miyacdcorxt‘lts
732 1101 872 1184 Magnus
906 1099 1150 1166 administrator
1169 1103 1235 1166 siue
1248 1119 1404 1189 procura·

306 1183 366 1256 lor.
408 1187 494 1250 Nihil
515 1185 554 1246 de
575 1186 633 1246 hoc
654 1185 850 1268 Curopalata.
1337 1231 1343 1242 .

386 1265 609 1352 ΜέγαςΔούξ,
632 1268 769 1348 Magnus
786 1269 874 1331 Dux.
890 1268 1157 1351 Quemadmodum
1164 1283 1291 1354 magnus
1303 1270 1403 1332 dome·

304 1356 398 1416 stieus
412 1355 554 1436 princeps
576 1362 605 1412 et
618 1371 653 1412 ea
675 1362 710 1412 ut
720 1363 766 1412 est
776 1351 816 1412 ad
828 1348 1005 1415 universum
1021 1353 1179 1433 fossatum,
1191 1355 1275 1437 (quid
1288 1356 1327 1416 sit
1333 1352 1409 1438 fos-

303 1451 419 1511 saram,
442 1458 498 1499 suo
512 1435 579 1496 loco
595 1373 816 1517 oprcabitur,)
832 1437 874 1497 sic
889 1439 981 1498 eliam
996 1435 1045 1498 hic
1064 1431 1102 1498 ad
1117 1436 1295 1500 universum
1309 1460 1406 1500 mare.

304 1517 352 1581 Ac
381 1523 472 1582 ceteri
496 1516 619 1602 quidem
632 1517 783 1601 principes
800 1513 866 1598 aliis
884 1517 976 1582 rebus
992 1516 1122 1582 instituti
1142 1531 1178 1582 ut
1194 1523 1305 1604 capita,
1321 1541 1406 1605 prae·

262 1645 268 1655 »
305 1595 406 1665 serunt
422 1613 602 1665 consuetum
620 1602 811 1688 imperatoris
826 1601 1013 1682 flammeum,
1034 1614 1088 1664 aut
1109 1604 1254 1666 exercitus
1268 1604 1405 1668 flamme·

303 1707 357 1747 um
372 1708 441 1748 cum
456 1687 559 1772 ignitis
579 1683 658 1746 telis.
703 1687 833 1768 Magnus
855 1683 915 1748 dux
931 1699 1056 1748 contum
1069 1679 1200 1770 praefert
1213 1685 1407 1772 imperatoris

301 1763 460 1832 insidentis
475 1790 566 1853 equo.
611 1764 712 1829 Habet
725 1781 828 1831 autern
842 1770 992 1832 subiectos
1005 1765 1064 1832 sibi
1077 1789 1222 1854 magnum
1238 1766 1405 1856 Drangari·

302 1875 355 1914 um
370 1853 491 1932 elassis,
513 1850 703 1913 Ameralium
716 1864 774 1913 etc.
796 1852 876 1914 Vide
893 1853 1108 1938 Curopalatam
1130 1865 1159 1914 et
1172 1853 1365 1918 scholiasten.

385 1931 680 2020 Πρωτοσέβαστος,
702 1936 956 2017 Primpugustus.
999 1935 1127 1998 Nullum
1141 1939 1342 2000 ministerium
1355 1940 1407 2002 ba·

302 2013 366 2096 bet,
383 2023 531 2104 quianon
550 2019 665 2079 iunctio
685 2028 730 2079 est
739 2015 853 2101 palatio
880 2018 1033 2099 militans,
1063 2019 1116 2082 sed
1131 2020 1261 2104 dignitas
1278 2022 1406 2086 bonora-

302 2105 360 2180 ria,
377 2125 470 2246 quagn
484 2121 546 2164 non
562 2100 721 2162 ministerii
742 2103 916 2164 outordiuis
930 2105 1090 2165 necessitas
1109 2103 1193 2186 tacit,
1213 2104 1266 2166 sed
1279 2097 1406 2192 impera·

303 2190 379 2248 toris
394 2184 432 2247 εὔ
453 2183 537 2246 oasa.

386 2267 503 2350 Μέγας
522 2261 779 2350 Χαρτουλόριος,
802 2261 940 2350 Magnos
959 2269 1183 2334 chartularius.
1212 2267 1337 2356 Equum
1349 2269 1404 2335 im·

300 2353 449 2434 peratoris
468 2374 487 2412 a
507 2361 725 2433 protostratore
751 2363 946 2433 susceptum,
968 2364 1027 2414 ete.
1069 2354 1150 2416 Vide
1164 2376 1243 2438 quae
1264 2378 1355 2442 supra
1376 2359 1409 2418 in

254 2451 261 2462 ¹
301 2445 520 2578 protostratere
536 2434 713 2496 dictasunt.
747 2431 961 2497 Stallmaister
971 2437 1131 2500 Germanis
1150 2438 1210 2500 dici
1224 2452 1311 2523 putat
1324 2439 1408 2502 sebo·

315 2531 402 2580 rasta.
444 2519 578 2580 Zonaras
597 2520 629 2579 in
650 2519 754 2580 Leone
764 2517 891 2598 isauro,
913 2528 997 2580 temo
1010 2523 1100 2582 tertio
1114 2521 1294 2602 Annalium,
1309 2533 1406 2606 poste·

300 2603 433 2664 rioribus
451 2602 640 2685 temporibus
662 2595 717 2663 τὸν
736 2599 800 2666 τῶν
818 2601 991 2680 βασιλικῶν
1004 2597 1187 2684 ἱπποκόμων
1205 2603 1405 2682 ἐπιστατοῦν-

300 2699 342 2745 τα
368 2707 406 2770 ap
429 2685 552 2748 ellatum
570 2685 675 2746 tradit.
1356 2685 1361 2695 ’

424 2761 601 2867 ριμικνξριος
620 2764 737 2850 αὐλῆς,
767 2765 875 2830 Aulae
888 2768 1104 2852 primicerius.
1158 2769 1260 2834 Habet
1281 2767 1405 2855 quidem

300 2851 332 2916 in
349 2854 593 2914 circumstatrone
620 2851 933 2930 administrationem,
957 2852 1078 2935 qualem
1099 2863 1170 2915 ante
1195 2853 1337 2935 diximus,
1359 2877 1405 2916 or-

300 2931 372 2998 dine
385 2957 459 2998 vere
473 2935 601 2997 collocat
618 2938 708 2996 etiam
725 2955 843 3012 omnes,
864 2935 960 3017 quiin
977 2933 1047 3010 aula
1062 2943 1144 2996 sunt.
1166 2937 1213 2998 Ut
1226 2940 1308 3000 enim
1324 2939 1405 3021 prin·

300 3041 371 3081 ces
403 3023 532 3104 quisque
562 3039 652 3080 suurn
683 3025 714 3079 et
735 3019 932 3078 constitutum
959 3017 1061 3079 locum
1080 3014 1120 3079 ad
1146 3019 1404 3084 circumstandum

300 3041 403 3165 habet:
428 3107 470 3164 sic
483 3103 574 3164 ctiam
586 3101 720 3183 ordines,
730 3101 783 3184 qui
796 3103 827 3162 in
839 3095 909 3162 aula
922 3107 1004 3183 sunt,
1024 3099 1135 3184 singuli
1147 3107 1306 3190 proprium
1315 3126 1405 3167 suum

301 3187 403 3246 locum
417 3188 566 3246 obtinent.
665 3215 671 3222 ·
1224 3235 1226 3240 .

385 3260 655 3348 Πρωτοκυνηγὸς,
680 3259 875 3330 Venetorum
891 3267 1055 3353 princeps,
1075 3265 1316 3349 Jdgermairter.
1348 3271 1406 3333 lm·

300 3362 440 3436 peratore
457 3344 677 3410 conscendente
697 3369 823 3431 equum,
840 3371 930 3411 nemo
942 3349 1019 3412 alius
1033 3361 1154 3434 praeter
1174 3353 1256 3416 bunc
1276 3357 1406 3438 stapiam

300 3445 396 3512 tenet,
411 3454 481 3495 cum
499 3451 641 3514 praesens
657 3440 713 3492 cst.
762 3433 888 3494 Praeest
902 3453 976 3494 vero
995 3432 1032 3494 iis
1050 3437 1261 3516 venatoribus,
1282 3437 1341 3522 qui
1356 3461 1406 3500 cu·
1425 3481 1427 3490 ·

301 3529 416 3580 ratores
432 3537 542 3578 canum
558 3511 762 3598 appellantur.
806 3514 898 3593 Quod
922 3517 947 3576 si
970 3515 1093 3598 quando
1107 3520 1310 3601 imperatoris,
1332 3543 1404 3583 curu

300 3623 334 3663 m
350 3603 511 3663 venatione
521 3607 577 3674 est,
593 3607 708 3658 vestem
721 3596 855 3680 aliquam
865 3597 1011 3682 sanguine
1025 3599 1142 3684 aspergi
1156 3603 1327 3686 eontigerit,
1336 3627 1404 3668 eam

301 3681 352 3747 hie
368 3693 496 3747 venator
509 3683 573 3743 acci
595 3683 620 3742 it
631 3701 666 3741 ex
685 3677 844 3752 beneficio.

386 3763 545 3850 Πραίτωρ
561 3703 821 3846 dipromPraetor
830 3785 875 3848 po
898 3765 953 3828 uli.
976 3765 1101 3829 Nullam
1111 3767 1404 3835 administrationem

302 3847 394 3912 habet
414 3853 446 3913 in
466 3845 535 3912 aula
549 3846 695 3932 palatina,
718 3847 818 3910 sedin
835 3785 932 3930 urbe,
954 3861 985 3912 et
996 3852 1148 3916 urbanam
1167 3850 1278 3918 solum.
