3114 4930
440 307 723 380 dispondeus
754 313 779 380 1.
811 319 862 391 ιο.
1146 283 1201 398 95

117 461 205 551 οχοάν
219 465 277 534 τὸν
295 469 451 551 βασιλέως
466 465 568 552 πόδα,
590 471 700 535 ἵστατο
719 468 883 557 περιδεὴς,
912 461 985 534 ὅσον
1004 459 1092 534 aina
1116 468 1266 551 νομί-ΑΒ.
1280 479 1341 533 star

118 572 181 648 ζων
193 562 461 635 turtureum-t
478 572 711 658 Φιλαδελφείας
721 573 773 654 δὲ,
783 566 887 656 ὥσπερ
908 569 950 634 δι’
966 563 1206 652 άψάχαιντινῶν

119 663 245 753 παριάν
277 669 334 732 καί
361 667 479 755 ψόφων
504 668 774 752 saudaumim,
805 666 1040 754 ἀκατάπληκτος
1067 663 1108 752 ήν
1129 666 1208 755 πρὸς

118 769 183 830 πᾶν
206 761 325 831 dascusa
356 763 433 832 ῖδάν
448 769 483 832 δὲ
501 763 558 831 τάν
571 768 823 854 Καλλικρηνίτην
849 763 952 852 άάσπερ
977 764 1208 852 άποτεθνηκάτα

99 865 161 952 ispi
172 866 248 948 δέει,
271 863 329 946 „od
343 867 436 931 δδον”
455 860 542 932 εἶπεν
557 858 606 948 „ai
617 863 782 950 θαυμάσιε
797 866 849 950 σύ,
871 863 951 932 οὕτω
959 865 1115 951 κατάκρας
1129 865 1208 952 πρὸς

117 961 170 1028 τὸν
187 961 326 1029 θάνατον
340 967 583 1050 κατεπτηχέναι,
612 967 808 1050 μέλλοντας,
836 967 866 1030 εἰ
887 963 932 1050 μή
957 967 1033 1046 νῦν,
1056 960 1124 1030 ἀλλ’
1152 958 1209 1032 adu

116 1057 250 1150 ὕστερόν
272 1086 347 1128 ποτε
362 1057 606 1130 ἀποθανεῖσθαι.
628 1065 658 1128 εἰ
677 1057 733 1130 οάν
751 1069 846 1131 τοῦτο
867 1067 954 1130 πάσα
978 1063 1096 1148 άνάγκη
1107 1115 1116 1146 ,
1138 1064 1211 1147 βέλ-

117 1186 193 1245 τιον,
211 1159 263 1228 ὅτε
279 1161 336 1228 καὶ
346 1159 507 1250 πρόφασίς
524 1185 610 1240 τινος
626 1160 803 1251 κέρδους,ή
823 1159 876 1229 ὅτε
898 1164 951 1250 μή.
973 1163 1084 1229 τούτου
1105 1167 1135 1228 δ’
1153 1159 1240 1227 cii-l)

117 1287 178 1339 τεος
203 1259 342 1344 ἔχοντος,
362 1265 436 1326 ποία
453 1260 616 1349 πρόφασις
634 1264 838 1351 εὖλομωτέρα,
860 1257 979 1348 ήάπὲρ
998 1262 1123 1348 εἰρήνης
1137 1285 1212 1348 πρε-

85 1360 291 1444 τοσβεάοντας
304 1362 527 1446 relevabunt?
547 1357 602 1428 εἶτ’
614 1363 820 1449 ἐπιστραφεὶς
843 1359 921 1448 πρὸς
934 1359 991 1426 τὸν
1003 1361 1103 1444 μέγαν
1118 1362 1212 1442 δαμέ-

118 1482 223 1526 στικον
237 1462 294 1524 καί
309 1459 502 1550 Συργιάννην
522 1461 578 1525 καί
591 1459 876 1548 πρωιοοτράτορα,
908 1451 1008 1548 (οὗτοι
1028 1458 1090 1544 γάρ
1112 1458 1212 1523 αάτὸν

116 1561 338 1646 περιέστησαν,
357 1555 495 1644 άπαςμή
506 1583 538 1624 τι
550 1559 625 1644 περὶ
635 1555 732 1625 αὐτὸν
754 1561 933 1647 τολμηθῇή,
945 1559 997 1640 „ss'
1018 1561 1077 1640 μὲν
1093 1555 1212 1638 ἔξεστιν

117 1659 216 1740 ὖμῙν”
237 1655 301 1743 ἔφη
323 1656 419 1740 ,μοάς
440 1654 592 1744 ἀνοήτους
608 1663 758 1725 τουτουσὶ
773 1659 828 1724 καὶ
841 1663 972 1745 θρασεῖς
985 1658 1211 1738 καταστέλλειν,

118 1757 272 1844 πράττετε
288 1751 308 1820 di
325 1753 483 1843 προσήκει·
503 1761 533 1823 εἰ
547 1761 577 1824 δ’
591 1751 659 1841 οὖν,
681 1753 749 1822 ἀλλ’
767 1751 860 1823 οὗτοί
880 1781 914 1842 γε
933 1753 1114 1843 δράντωνά
1135 1781 1212 1843 rspo-

86 1857 311 1937 ιΞθνμοῦνται.
331 1856 458 1934 πάντως
483 1851 575 1922 uitta
590 1851 630 1922 άν
651 1853 700 1941 εἴη
727 1859 792 1946 τῶν
807 1852 991 1939 ἀβουλήτων
1015 1857 1111 1942 θεῷ.”
1161 1853 1215 1918 ἐπὶ

118 1957 240 2032 τούτοις
261 1953 280 2019 ὅ
297 1953 376 2041 α’νήρ
392 1954 593 2038 ἐθαυμάζετο
608 1959 662 2040 τής
678 1959 920 2039 μεγαλοψυχίας
943 1957 1043 2034 ἕνεκα,
1061 1953 1117 2017 καί
1135 1977 1212 2036 καρ-

118 2054 226 2141 τερίας
245 2051 324 2141 πρὸς
339 2052 379 2118 τά
400 2052 498 2120 δεινά.
517 2057 618 2142 μέχρι
630 2057 690 2137 μὲν
709 2048 767 2120 οὖν
787 2077 872 2129 τινος
887 2053 947 2138 βοή
958 2076 1006 2128 τις
1021 2050 1212 2137 θορυβώδης

118 2156 259 2239 ἐξηχεΐτο
289 2151 342 2217 διά
364 2157 423 2217 τοῦ
449 2151 611 2238 πλήθους·
631 2149 698 2219 εἶτα
727 2155 992 2236 κατεσταλμένης,
1023 2146 1244 2232 άβασιλεύςΡ.
1263 2157 1301 2216 62

119 2253 193 2331 τούς
222 2255 369 2339 πρέσβεις
391 2253 457 2344 ῑδάρ
482 2253 692 2339 παραλαβών,
722 2256 777 2318 καί
800 2255 875 2339 περὶ
894 2243 939 2317 ὧν
959 2247 1089 2336 ήκουσιν
1113 2253 1213 2332 ἐκμα-

79 2351 203 2436 ποθτάν,
238 2347 431 2439 άντεμήνυσε
458 2355 501 2418 δι’
525 2353 628 2419 αὐτῶν
652 2355 694 2442 τῷ
720 2358 846 2436 βασιλεῖ
869 2353 924 2416 καί
949 2352 1063 2439 πάππῳ
1094 2350 1210 2415 τοιάδε
1219 2367 1252 2423 v,
1270 2369 1303 2423 50

119 2451 177 2536 „sd
207 2454 411 2518 καταπίπτειν
427 2454 461 2520 ἓν
477 2461 543 2529 τοῖς
561 2456 675 2530 δεινοῖς
695 2457 749 2518 καί
763 2452 876 2536 άμεννή
896 2475 967 2515 τινα
993 2449 1048 2514 κατ’
1063 2448 1212 2536 πράττειν

121 2549 175 2620 καὶ
198 2554 395 2640 φθέγγεσθαι
403 2604 414 2635 ,
447 2551 581 2640 φαάλων
606 2555 701 2618 τινῶν
723 2555 778 2617 κατ’
799 2549 1014 2638 μικροψάχυν
1041 2547 1097 2614 κατ’
1119 2544 1214 2626 ariade

189 2687 227 2768 6.⁸
254 2684 286 2738 ol
304 2693 332 2738 et
347 2687 486 2758 μέλλοντα
508 2687 578 2740 coni.
600 2687 656 2742 ΕΙ).
676 2689 702 2741 P.
736 2687 848 2740 Scilicet
873 2684 982 2757 legebat
1006 2677 1028 2737 ul
1054 2679 1211 2755 θαυμάσιε,

191 2769 230 2810 συ
248 2755 332 2824 cisso,
350 2758 425 2830 quod
442 2759 540 2812 vitium
557 2761 657 2813 sanavi

121 2895 233 2964 plexus,
259 2911 355 2966 magno
372 2911 433 2948 cam
451 2897 548 2950 timore
567 2895 671 2961 adstat,
701 2896 812 2950 iamiam
833 2912 861 2948 se
890 2895 1066 2948 interiectum
1085 2893 1120 2946 iri
1138 2892 1214 2944 arbi·

120 2974 216 3018 tratas.
252 2967 288 3018 At
309 2965 570 3037 Philadelpbieusis,
603 2975 635 3019 ut
661 2967 684 3018 si
702 2985 752 3038 per
778 2968 900 3018 inanima
927 2967 1056 3016 transiret
1078 2973 1107 3016 et
1130 2980 1214 3015 sanos

139 3037 255 3090 uosdam
275 3039 404 3106 strepitus
431 3037 586 3101 exaudiret,
616 3043 645 3089 et
661 3036 695 3088 ad
714 3038 805 3090 omnia
828 3036 1027 3105 imperterritus
1052 3040 1155 3095 manet,
1185 3039 1214 3083 ct

118 3055 316 3162 diluerentur
332 3116 405 3160 metu
422 3125 507 3179 prope
519 3108 703 3160 exanimatum
719 3123 848 3158 cernens:
873 3105 964 3170 „licus
979 3114 1019 3164 tu,
1037 3104 1138 3174 iuquit,
1157 3119 1215 3156 nou

118 3177 233 3232 borrose
246 3180 341 3230 mortis
352 3185 494 3248 tantopere
509 3175 639 3248 perfundi
655 3177 742 3239 docet,
761 3195 831 3238 cram,
851 3178 874 3227 si
888 3193 943 3228 non
957 3173 1048 3237 modo,
1066 3173 1213 3244 aliquando

118 3247 232 3320 quidem
251 3257 333 3312 certo,
348 3250 473 3301 morituri
490 3249 583 3302 simus.
603 3249 632 3300 si
651 3264 713 3318 crgo
733 3263 804 3300 mors
823 3255 865 3299 est
885 3245 1070 3308 inevitabilis,
1094 3252 1215 3313 praestat

119 3319 219 3389 utique
233 3321 319 3382 morl,
337 3337 397 3371 cura
422 3337 452 3372 se
470 3317 606 3374 commodi
625 3319 741 3371 alicuius
758 3317 881 3374 ostendit
898 3317 1011 3370 occasio.
1049 3315 1133 3388 Quod
1152 3331 1216 3366 cum

119 3389 161 3442 ita
172 3391 225 3452 sit,
244 3405 314 3460 prae
330 3389 438 3442 taudem
452 3389 660 3443 convenientior
672 3390 792 3453 occasio,
813 3405 893 3461 quam
906 3405 956 3458 pro
970 3401 1037 3456 pace
1051 3388 1217 3457 legationem

120 3459 257 3512 obeuntes
285 3458 393 3512 sacri?”
429 3461 537 3513 Dehinc
560 3458 597 3512 ad
617 3475 745 3530 maguum
766 3459 958 3520 domesticum,
985 3458 1161 3527 Syrgianneru
1186 3464 1215 3506 et

117 3537 346 3600 protostratorern
365 3547 526 3592 conversus,
545 3529 588 3593 (bi
610 3533 685 3584 euim
707 3533 829 3602 proxime
848 3528 1078 3592 circumstabant,
1094 3523 1215 3597 nequid

119 3601 146 3651 ei
165 3607 345 3666 noceretur‚)
380 3602 428 3666 „si
444 3602 578 3670 potestis,
596 3601 703 3672 inquit,
721 3603 835 3656 stolidos
852 3605 919 3655 istos
944 3617 975 3651 ac
990 3600 1148 3652 temerarios
1171 3613 1216 3648 re·

118 3669 256 3739 primm,
273 3673 356 3724 vestri
376 3671 462 3724 officii
477 3687 575 3724 munus
591 3673 717 3742 impletur
736 3675 779 3725 sin
793 3675 899 3734 minus,
919 3670 1021 3722 faciant
1037 3669 1112 3739 quod
1126 3668 1215 3718 facere

120 3743 260 3810 gestiunt:
280 3743 365 3795 invito
380 3742 432 3794 deo
450 3742 523 3794 nihil
539 3743 611 3794 flet'’
647 3743 713 3794 Tam
732 3744 857 3795 sublimis
883 3749 912 3794 et
928 3739 963 3792 ad
981 3733 1107 3809 quicque
1126 3737 1215 3806 gravia

119 3811 265 3864 toleranda
291 3822 434 3882 promptus
455 3815 507 3864 viri
527 3813 632 3864 animus
657 3811 866 3866 admirationem
889 3810 994 3862 habuit.
1038 3805 1215 3877 Aliquamdiu

120 3881 206 3950 igitur
222 3881 372 3936 multitudo
385 3883 502 3940 clamore
519 3883 667 3935 fremebat:
688 3901 742 3953 quo
757 3883 866 3946 sedato,
883 3879 986 3949 legatus
1007 3878 1138 3930 seducens
1160 3877 1215 3926 im-

119 3959 249 4022 perator,
269 3953 345 4005 culus
371 3971 434 4022 ergo
457 3955 597 4004 venissent
613 3955 767 4022 cognoscit,
789 3963 818 4006 et
834 3969 883 4023 per
903 3950 1013 4002 eosdem
1035 3963 1084 4000 avo
1098 3949 1127 3998 in
1144 3945 1216 3998 hanc

121 4023 287 4075 seutentiam
305 4023 466 4093 respondet:
486 4023 611 4076 Adversis
623 4023 731 4076 casibus
748 4024 845 4076 cedere
867 4029 895 4075 et
916 4017 1051 4071 illiberale
1072 4017 1215 4088 quippiam

120 4101 313 4164 satageresut
322 4093 600 4166 eloqui,auiuutorum
619 4103 849 4166 augustorumque
867 4089 1045 4164 quorumdam
1056 4085 1214 4140 hominurn:

122 4161 241 4216 ucuuda
253 4165 365 4218 lomuna
381 4166 562 4218 intumescere
581 4171 611 4216 et
625 4165 742 4218 nimiam
759 4183 787 4217 sa
809 4181 863 4228 erc,
881 4161 1071 4228 imperitorum
1090 4165 1118 4209 et
1130 4155 1215 4208 auda-

123 4232 208 4288 ciam:
230 4234 405 4310 aequabilem
418 4249 482 4294 wau
500 4235 531 4288 ia
558 4235 697 4307 prosperis
718 4244 746 4290 et
764 4181 883 4292 adures
907 4245 1012 4286 servare
1024 4227 1214 4290 constantiam,

478 4421 499 4450 N
