3082 4940
453 347 737 412 maronianum
766 351 807 412 11.
836 359 886 421 ιο.
1145 317 1228 405 553

143 502 186 588 τῷ
211 499 336 588 μεγάλῳ
361 502 531 589 δομεστίκῳ
554 499 792 588 συνεδριάζοντι
819 504 889 568 ἐκεῖ
900 501 943 591 τῷ
956 505 1084 584 βασιλεῖ
1097 505 1256 586 neeocid·
1267 501 1296 558 C·
1309 503 1371 574 1341

141 595 227 679 adv,
248 598 404 680 σάντομάν
419 624 490 665 τινα
505 600 606 688 ᾐτεῖτο
624 599 679 664 καί
689 599 842 685 βοήθειαν
862 601 917 667 καί
928 599 1053 686 βουλήν,
1070 604 1104 680 ἐξ
1124 594 1253 687 ἦςτὴνδ

144 700 404 782 προσδοκωμένην
424 701 590 785 διαφυγεῖν
622 699 745 778 ἔξέοται
772 703 870 787 δίκην.
920 699 938 767 ὅ
967 703 1002 766 δὲ
1022 697 1173 786 πρότερόν
1194 724 1229 764 τε

143 794 261 882 ἔφασκε
277 794 315 860 τά
338 798 448 862 δέοντα
470 803 715 882 βεβουλεῦσθαι,
739 795 827 888 αὐτῷ
855 803 1019 885 παραινῶν
1038 805 1095 883 τῆς
1115 802 1230 885 πολλῆςΙ
1239 811 1272 867 V.
1283 813 1336 868 26⁸
1354 790 1359 803 x

71 893 75 904 '
125 899 334 982 5φιλονεικίας
367 891 567 979 ἀποσχέσθαι
595 897 650 962 καί
679 898 848 964 πείθεσθαι
866 908 931 976 τοῖς
951 909 1103 982 μοναχοῖς
1129 897 1173 975 ιδς
1187 896 1228 962 τά

140 997 274 1060 τοιαῦτα
313 991 522 1081 σοφιστάροις,
559 994 615 1062 καί
655 998 711 1062 νῦν
742 993 837 1062 oridia
866 991 960 1084 ἧττον
998 998 1230 1081 βουλεύσεσθαι

141 1095 196 1160 καί
214 1094 343 1178 πράξειν
365 1091 405 1158 τά
424 1094 608 1160 συνοίσοντα
634 1091 716 1184 άπερ
746 1091 858 1162 edred.
885 1097 916 1162 εἰ
933 1095 992 1182 γάρ
1012 1095 1090 1179 μήτε
1106 1095 1230 1160 dossid-

141 1215 206 1276 γειν
224 1189 274 1258 ἔτι
294 1191 373 1277 πρὸς
397 1191 437 1258 τά
450 1242 457 1256 ,
472 1192 696 1279 προτεινόμενα
727 1193 814 1278 ἔχει,
841 1195 969 1262 uirides
996 1219 1032 1259 τε
1052 1189 1168 1258 ἑαυτὸν
1185 1192 1230 1268 oie

140 1293 253 1373 βελτίω
272 1291 329 1356 καί
347 1289 527 1379 δικαιότερα
552 1293 607 1359 καί
624 1303 690 1372 τοῖς
714 1296 815 1380 ἁγίοις
838 1293 965 1384 συνῳδὰ
990 1297 1179 1382 φθέγγονται
1198 1289 1231 1358 οἱ

107 1390 293 1473 ιομοναχοί,
314 1388 352 1455 τί
368 1394 421 1454 δεῖ
433 1389 493 1475 τὴν
515 1397 626 1480 ψῆφον
640 1399 708 1459 κατ’
726 1390 827 1460 αδτόδ
850 1397 1038 1480 ἐξαγομένην
1052 1393 1230 1478 περιμένειν

140 1491 295 1570 κατιδεῖν,
325 1485 406 1553 ἄλλά
436 1489 483 1574 μὴ
504 1489 656 1576 πρότερον
680 1491 910 1573 ἐξαναστάντα,
937 1491 993 1576 τήν
1014 1514 1048 1556 τε
1071 1494 1230 1576 προτέραν

140 1579 269 1672 ἄγνοιαν
290 1585 346 1652 snt
374 1588 498 1654 πάντων
526 1586 687 1673 ὁμολογεῖν
707 1591 763 1655 καί
781 1587 841 1676 τὴν
857 1594 914 1656 νῦν
934 1593 1101 1672 ἐπίγνωσιν
1112 1591 1173 1674 1τῆς
1189 1587 1230 1652 oi-

140 1685 289 1770 ληθείας,
316 1689 454 1762 καὶτοῖς
485 1711 520 1752 τε
539 1685 639 1772 δγίοις
672 1689 843 1755 πείθεσθαι
876 1691 1057 1755 συνθέσθαι
1088 1689 1144 1751 καί
1171 1683 1230 1768 τὴν

139 1781 262 1868 ἔχθραν
296 1783 462 1851 καταλύειν
496 1783 554 1870 τὴν
583 1787 664 1873 πρδς
700 1787 777 1865 roric
794 1790 973 1872 μοναχοάς,·
994 1787 1023 1852 εἰ
1039 1783 1100 1872 γάρ
1130 1785 1259 1852 saitae

105 1875 325 1966 ,5πειθόμενος
353 1886 439 1974 αὐτῷ
454 1886 594 1971 ποιήσει,
615 1878 690 1952 οὔτε
711 1887 814 1974 βλάβη
841 1909 889 1962 τις
906 1889 1019 1968 ἕψεται
1039 1887 1074 1950 ἐκ
1093 1885 1157 1950 τῶν
1178 1881 1231 1948 λά-

41 2001 45 2010 ’
139 2008 202 2068 γαν
223 1984 380 2066 οὐδεμία,
414 1983 563 2066 βασιλεύς
584 1987 695 2050 τεκαὶ
714 1985 743 2050 οἱ
772 1979 862 2051 άλλοι
883 1983 997 2061 πάντες
1011 1985 1231 2049 ἐπαινέσονται

138 2085 193 2166 τῆς
220 2080 296 2168 πρὸς
326 2082 366 2148 τά
394 2085 508 2166 βελτίω
539 2085 727 2169 μεταβολῆς.
776 2085 814 2150 οδ
841 2083 902 2169 γάρ
927 2086 1077 2149 τοσοῦτον
1100 2079 1137 2145 τά
1171 2083 1230 2165 τῆς

138 2180 292 2266 ἀληθείας
312 2182 576 2268 άποπλανρθῆναι
595 2188 781 2268 κατηγορίας
796 2175 901 2266 άξιον,
922 2177 997 2246 ὅσον
1012 2177 1050 2245 τά
1071 2177 1151 2264 πρὸς
1169 2179 1231 2243 αδ-

137 2279 195 2364 τὴν
232 2281 415 2368 ἐπανελθεῖν
449 2288 514 2356 τοῖς
544 2277 646 2364 άγίοις
683 2279 869 2363 πειθόμενον
915 2280 970 2352 καί
1005 2275 1167 2361 θεολόγοις
1195 2279 1229 2344 ἔ-

97 2377 298 2447 τοπαινετόν.
340 2379 396 2444 καί
420 2379 449 2444 οἱ
475 2378 614 2464 μοναχοδ
644 2381 680 2445 dd
700 2389 766 2455 τοῖς
792 2389 1018 2462 πνευματικοῖς
1045 2373 1230 2459 πειθόμενοι

137 2476 259 2559 νόμοις,
273 2479 403 2560 μείζονα
425 2477 617 2556 ε’νδείξονται
643 2483 715 2544 κυνί
734 2477 792 2563 τὴν
815 2477 925 2565 φιλίαν
945 2475 1026 2564 πρὸς
1045 2479 1159 2542 eieci
1171 2475 1229 2560 τὴν

137 2572 392 2662 εάγνωμοσάνην,
413 2571 435 2663 ἢ
453 2583 527 2644 καθ’
548 2573 623 2644 ὅσον
636 2577 788 2664 πρότερον
801 2577 1009 2644 ε’νεδεάιννντο
1023 2573 1080 2660 τὴν
1099 2578 1229 2661 πικρίαν

137 2675 192 2740 καί
208 2675 267 2762 τήν
287 2674 427 2764 ἔχθραν,
448 2677 491 2753 ὥς
512 2677 551 2741 οδ
572 2681 635 2742 τῶν
649 2679 694 2754 εἰς
707 2675 824 2752 αὐτοὺς
838 2679 927 2742 ἕνεκα
948 2676 1124 2758 λοιδοριῶν,
1144 2671 1226 2738 etse

135 2778 190 2861 τῆς
209 2779 272 2841 τῶν
293 2775 457 2859 δογμάτων
479 2773 670 2857 άμυνάμενοι
692 2777 895 2863 διαστροφῆς
917 2765 961 2840 οἷν
981 2777 1084 2850 καλοῖς
1104 2771 1160 2836 καί
1178 2769 1224 2850 οἷς

94 2877 290 2962 υὸπροοῆκεν
319 2865 588 2957 ἀποδεδειγμένων
619 2876 650 2938 εἰ
677 2877 732 2938 καί
751 2871 790 2938 οὐ
820 2876 999 2959 πεισθείης,
1029 2873 1122 2939 οὐδὲν
1156 2871 1257 2938 οάδἸ)

136 3059 189 3114 que
206 3045 282 3113 ipse,
302 3059 358 3094 non
373 3042 548 3110 effugiturusn
562 3057 603 3106 se,
620 3045 688 3114 quin
703 3043 849 3116 loquacem
864 3040 1083 3094 maledicentiam
1103 3049 1132 3094 et
1149 3059 1226 3094 senr-

134 3115 267 3167 rilitatem
283 3129 358 3166 susm
376 3113 481 3174 lueret,
502 3112 536 3163 ad
549 3129 677 3183 magnum
694 3112 874 3166 domesticum
888 3114 1046 3182 imperatori
1062 3110 1227 3164 assidentem

10 3239 28 3252 ᾖ
134 3184 285 3246 secedens,
309 3183 542 3253 compendiariam
559 3183 696 3253 quoddam
717 3184 800 3236 abeo
821 3182 953 3235 auxilium
971 3193 999 3236 et
1013 3183 1157 3237 consilium
1173 3181 1227 3234 fla-

135 3254 255 3325 gitabat,
284 3271 338 3324 quo
360 3255 548 3304 imminentem
572 3269 689 3322 poenam
711 3255 847 3310 evaderet.
884 3254 954 3308 Tum
982 3254 1029 3306 ille
1048 3263 1076 3306 et
1097 3261 1177 3305 antes
1197 3269 1226 3304 se

135 3333 290 3395 opportuna
306 3325 439 3385 suasisse,
462 3323 526 3374 dum
541 3341 556 3374 e
572 3325 651 3394 longa
671 3343 733 3376 eum
753 3323 952 3396 digladiatione
973 3324 1125 3377 deterreret
1149 3330 1178 3374 et
1191 3321 1227 3375 sd

134 3394 299 3448 credendum
321 3390 481 3455 monachii,
505 3401 600 3464 utpote
619 3397 648 3446 in
674 3396 716 3449 his
746 3394 976 3466 sapientioribus,
998 3394 1172 3447 hortaretur:
1198 3399 1228 3446 et

132 3484 208 3518 none
231 3464 319 3517 nihilo
342 3465 433 3515 minus
458 3480 598 3515 euasurum
629 3465 817 3536 facturumque
836 3463 910 3538 quod
928 3465 970 3518 illi
988 3464 1118 3536 prodesse
1129 3465 1226 3535 possit.

133 3535 164 3588 Si
180 3538 321 3589 enim·nee
336 3535 371 3587 ad
395 3534 478 3586 allate
496 3535 525 3585 in
548 3535 667 3587 medium
691 3537 840 3590 refellendi
862 3552 942 3588 cansa
964 3535 1114 3607 quidquam
1133 3533 1225 3586 dicere

131 3605 250 3658 heberet
281 3607 398 3673 amplius
439 3603 632 3674 crederetque,
670 3606 964 3661 monachos-meliora
995 3615 1024 3658 et
1052 3606 1167 3657 insuere
1197 3609 1226 3656 et

116 3679 232 3748 ‚sanctis
264 3684 449 3729 consentanee
477 3672 626 3738 disserere,
651 3677 719 3746 qnid
746 3695 813 3746 opus
845 3685 916 3728 esset
940 3683 1112 3746 exspectare,
1138 3675 1227 3728 donec

131 3757 191 3800 atro
221 3747 326 3798 calculo
356 3763 385 3798 se
413 3743 536 3797 damnari
568 3743 698 3799 videret?
733 3750 802 3818 quin
827 3747 920 3816 potius
950 3753 1107 3816 exsurgeret
1146 3745 1227 3814 prio·
1296 3765 1304 3774 ·

132 3834 248 3889 remque
276 3818 414 3869 inscitiam
449 3821 477 3867 et
510 3816 627 3885 agnitum
659 3818 801 3870 veritatem
836 3817 924 3886 palam
959 3818 1153 3879 confiteretur,
1196 3823 1226 3868 et

132 3889 234 3942 sanctis
265 3887 443 3940 ementiretur
475 3887 689 3957 inimicitiasque
717 3905 778 3940 cnm
806 3885 946 3940 monachis
979 3895 1105 3956 poneret.
1140 3885 1170 3940 st
1195 3901 1225 3938 sc

130 3959 255 4020 audiret,
294 3973 385 4028 neque
423 3955 581 4008 detrimenti
619 3956 773 4042 quidquam
806 3965 982 4020 secutorum,
1017 3964 1047 4010 et
1074 3957 1224 4026 imperito·

131 4045 191 4082 aem
212 4038 371 4112 ceterosque
391 4028 594 4080 conversionem
609 4045 668 4080 eius
684 4028 849 4081 laudaturos.
877 4025 939 4080 Non
952 4026 1025 4079 enim
1041 4035 1096 4080 tam
1110 4025 1225 4096 dignum

134 4115 198 4152 esse
217 4116 337 4152 accusari
362 4099 410 4167 qni
430 4113 446 4147 a
463 4099 579 4149 veritate
596 4097 782 4168 aberraverit,
802 4115 885 4170 qnam
902 4098 1103 4161 commendari,
1121 4099 1171 4168 qui
1189 4095 1225 4148 sd

131 4185 192 4222 eam
210 4171 310 4223 sanctis
329 4169 396 4220 viris
421 4175 450 4220 et
468 4165 604 4237 theologis
621 4169 734 4222 credens
753 4168 880 4233 redierit,
913 4175 942 4220 et
960 4169 1108 4224 monachos
1126 4183 1225 4220 secun-

131 4239 282 4312 dumleges
300 4241 421 4320 ipsorum
439 4237 594 4308 spirituales
605 4241 710 4294 maiore
728 4243 909 4312 inposterum
925 4239 1039 4294 caritate
1052 4237 1224 4312 candoreque
