3074 4934
297 255 379 344 332
695 259 976 348 murscuzanr

147 455 209 514 As„
224 455 343 514 rietus
364 431 448 500 ἔστιν
472 435 541 501 ἰδέα
563 431 671 522 φιλίας
693 427 715 521 ἢ
733 431 850 521 τρόπος
865 438 979 521 ἕτερος,
995 430 1030 500 ὃν
1040 433 1129 520 ἡμεῖς
1148 424 1205 498 osia
1223 433 1385 510 ἐπεδειξά-

292 539 378 617 μεθα
399 529 554 620 itiitere,
574 525 595 618 ἢ
604 537 635 599 εἰ
650 531 695 620 μὴ
710 532 787 622 πρὸς
804 534 839 602 τὸ
855 531 1028 622 α’κρόταεον
1044 530 1210 622 οἷφίγμεθα
1232 525 1343 618 odric,
1362 524 1386 618 ἢ

291 631 522 717 α’ποπνιγεσθαι
536 629 656 718 ἀνάγκη
672 632 728 698 καί
743 637 911 724 πνευστιρῗν
924 631 986 699 sind
1003 635 1058 720 τῆς
1075 634 1212 718 ἀγωνίας
1230 633 1286 696 καί
1300 633 1386 716 μηδὲ

295 735 351 820 ζῇν
366 734 509 816 ἐθέλειν,
531 735 562 798 εἰ
580 731 655 819 περί
669 730 705 798 τὸ
722 728 804 799 οὕτω
825 733 922 800 καλὸν
942 729 1087 822 δεύτερός
1101 755 1184 808 τινος
1201 732 1385 817 φαινοίμην,

289 825 491 919 ἢάποπηελᾷυ
513 834 577 896 τῶν
605 829 758 898 τοιούτων
775 834 933 918 λογισμῶν
961 829 1017 898 καί
1043 827 1103 917 τήν
1125 827 1236 915 ψυχὴν
1259 825 1406 894 πειθεινὸ

292 932 513 1018 ἰσχυροτέροις
529 926 561 1017 ἢ,
576 925 595 996 i
610 956 720 1018 φασιν,
731 930 882 1016 ἀνάγκαις
896 937 1127 1020 γεωμετρικαῖς,
1139 930 1185 1005 ὥς
1200 919 1273 994 οὔτε
1288 925 1386 1009 ἔστιν,

174 1055 180 1078 ¹
192 1043 223 1098 V.
238 1043 285 1100 rui
292 1023 363 1096 orire
376 1029 545 1116 γεγένηταί
553 1035 601 1106 τις
620 1031 689 1098 ἰδία
707 1033 825 1120 φιλίας,
837 1026 877 1118 ἢν
889 1025 927 1098 οὗ
942 1029 1023 1118 πρὸς
1038 1030 1193 1115 ἀλλήλους
1207 1023 1300 1094 αὐτοὶ
1311 1029 1387 1092 ἰπο-

258 1126 463 1212 οιίειξάμεθα
486 1128 542 1195 καί
557 1133 634 1212 μεθ’
657 1127 844 1216 ὑπερβολῆς.
876 1133 931 1196 καί
945 1133 1036 1196 τοῦτο
1058 1129 1228 1196 συνιδόντα
1250 1125 1307 1192 καί
1330 1121 1387 1190 τὸν

289 1227 511 1313 εὐαγγελιστὴν
535 1229 682 1315 Ἰωάννην
722 1233 820 1296 ἐννοῶ
841 1237 907 1306 τοῖς
935 1226 1120 1318 ἀνθρώποις
1143 1227 1385 1313 παραγγέλλειν,

267 1378 270 1384 ·
289 1325 440 1416 τηνίῖσην
457 1323 560 1413 ὥσπερ
581 1326 660 1415 πρὸς
673 1325 747 1405 τούς
762 1330 886 1416 φίλους,
906 1323 992 1394 οὕτω
1012 1326 1051 1415 (λη’
1066 1331 1122 1394 καί
1136 1324 1214 1414 πρὸς
1237 1322 1292 1390 τὸν
1308 1321 1426 1392 &irio

288 1429 508 1492 ἐνδείκνυσθαι
527 1421 662 1514 ἀγάπην.
690 1427 721 1492 εἰ
733 1425 795 1514 γὰρ
813 1423 918 1516 ὥσπερ
940 1422 1036 1504 αυτὸς
1056 1427 1229 1514 ἔξήρτημαι
1248 1425 1306 1512 τῆς
1325 1425 1386 1510 σῆς

287 1524 413 1611 γνώμης
427 1523 482 1590 καί
490 1523 592 1591 ποὶντα
615 1524 748 1612 δεύτερα
765 1522 887 1613 ἥγημαι
902 1529 958 1612 τῆς
971 1530 1143 1614 θεραπείας
1152 1527 1208 1612 τῆς
1223 1527 1291 1609 σῆς,
1300 1516 1383 1587 οὕτω

288 1626 448 1710 διεκείμην
465 1627 520 1692 καί
539 1624 619 1712 πρὸς
633 1623 688 1691 τὸν
706 1622 780 1690 θεὸν
787 1679 798 1709 ,
820 1629 882 1692 ποῦ
902 1621 959 1692 oris
971 1621 1012 1692 dv
1032 1630 1191 1712 προῆλθον
1207 1618 1342 1711 ἀρετῆς,
1360 1613 1387 1708 ἢ

286 1725 382 1790 ποίαν
404 1725 462 1788 oda
479 1719 519 1791 cir
536 1723 698 1812 εἰσήνεγκα
716 1727 860 1812 σπουδὴν
878 1729 935 1792 καί
956 1729 1142 1812 προθυμίαν
1158 1720 1236 1810 ὕπερ
1253 1725 1312 1788 τοῦ
1326 1717 1385 1798 τὰς

285 1820 416 1903 ἐντολὰς
438 1823 540 1890 αἰτοῦ
558 1821 619 1890 σίν
635 1824 720 1915 πάσῃ
735 1825 901 1916 προθυμίᾳ
915 1827 1108 1914 ἐκπληροῦν,
1136 1826 1168 1888 εἰ
1189 1825 1225 1889 δὲ
1248 1819 1289 1888 cri
1310 1823 1426 1905 μὲν,ιὸ

256 1937 281 1989 D
292 1918 396 2011 ὥσπερ
418 1919 562 2011 εἴρηκας,
588 1920 689 1991 πάντα
712 1925 845 2011 δεύτερα
866 1927 923 2012 τῆς
936 1923 1016 2013 πρός
1036 1927 1094 2008 ἐμὲ
1107 1921 1169 2012 ἧγῇ
1181 1919 1304 2011 φιλίας,
1321 1921 1386 2004 ἕνῶ

283 2045 318 2088 πε
332 2025 390 2089 τοῦ
405 2023 524 2100 παντὸς
538 2027 682 2108 τιμῶμαι
704 2023 745 2090 τοὶ
772 2025 825 2092 σοι’
840 2024 919 2114 φίλα
939 2021 995 2094 καί
1005 2022 1185 2108 λογίζεσθαι
1206 2025 1263 2088 καί
1280 2018 1386 2108 πράτ-

285 2143 369 2203 τειν,
399 2123 466 2199 πῶς
494 2115 535 2189 ἂν
562 2119 633 2208 ἔχοι
662 2121 794 2212 χώραν,
824 2123 1013 2209 εἳένόμιζον
1032 2120 1142 2214 ἇνιᾷν,
1169 2125 1262 2188 ταῦτ’
1280 2125 1386 2199 ἐξεπί-

283 2221 378 2304 τηδες
398 2223 578 2304 λαγιζεσθαι
594 2231 715 2306 ποιείνς
738 2219 777 2291 δν
796 2225 833 2292 δὲ
850 2223 965 2313 τρόπον
981 2221 1058 2309 ἔσχε
1078 2219 1119 2288 τὰ
1137 2221 1213 2310 περί
1226 2221 1385 2307 Συργιιλν.

284 2341 353 2405 νην,
374 2317 468 2395 αὐτὸς
488 2323 561 2408 ε’ροῖ.
590 2319 650 2399 τίς
669 2326 729 2405 μὲν
751 2324 857 2403 αἰτίοις
874 2325 928 2413 ἐφ’
946 2319 999 2402 αἷς
1018 2321 1118 2400 distic
1138 2321 1308 2410 κατεκρίθη
1328 2322 1426 2388 de-ao

283 2415 465 2505 σμωτήριον
486 2421 580 2488 οἰκεῖν
600 2421 663 2487 dni
684 2427 841 2508 βασιλέως
861 2429 919 2492 τοῦ
937 2427 1068 2493 πάππου
1097 2428 1155 2490 τοῦ
1175 2427 1253 2505 σοῦ,
1274 2417 1381 2488 ‘eluda

286 2521 343 2584 arai
360 2517 470 2596 αὐτός.
496 2519 558 2606 ἕγώ
580 2522 618 2588 δὲ
637 2521 717 2607 μετὰ
737 2523 772 2592 sd
797 2523 975 2607 Βυζάντιον
995 2525 1080 2614 ἡμᾶς
1100 2523 1298 2612 ποιήσασθαι
1317 2518 1381 2610 ὑφ’

353 2674 379 2728 9.
396 2654 428 2712 ἰν
446 2657 503 2730 νυῷ
521 2658 671 2730 legebatur.

283 2792 382 2857 nisam,
400 2802 432 2848 ut
446 2793 612 2862 dubitarem,
632 2788 737 2868 ecquid
752 2804 825 2867 esset
843 2799 898 2852 alia
916 2802 1051 2872 quaedam
1070 2799 1174 2870 speeies
1191 2797 1297 2854 aliusve
1316 2813 1377 2852 mo-

218 2895 221 2904 =
283 2861 334 2916 dus
353 2865 383 2916 ia
404 2867 538 2932 amicitia,
568 2885 650 2941 quem
669 2871 740 2923 inter
757 2887 807 2922 nos
830 2887 887 2924 non
905 2889 1119 2942 usurpassemus,
1136 2891 1172 2924 an
1189 2873 1225 2925 sd
1243 2887 1379 2924 summum

283 2933 343 2986 cius
361 2936 499 3008 fastigium
516 2937 747 3008 pervenissemus:
768 2949 816 2993 aut
833 2959 913 3014 aegre
930 2945 1033 3013 spirare
1047 2961 1078 2996 ae
1090 2959 1179 3012 paene
1195 2943 1322 2995 suffocari
1335 2957 1378 2992 me

281 3019 348 3074 prae
367 3023 467 3078 angore
485 3011 571 3062 animi
588 3013 725 3084 vitamque
744 3010 869 3064 acerbam
885 3021 984 3085 putare
1005 3031 1049 3066 me
1066 3022 1222 3084 oporteret,
1249 3015 1273 3066 si
1299 3013 1330 3064 ia
1349 3029 1378 3064 re

282 3081 336 3126 tam
354 3075 470 3131 honesta
488 3087 600 3151 tamque
619 3082 727 3134 liberali
753 3081 837 3135 alicui
863 3083 1000 3137 secundus
1017 3087 1170 3139 invenirer:
1199 3093 1248 3136 aut
1270 3083 1378 3136 resilire

281 3145 317 3196 ab
338 3146 497 3202 huiusmodi
514 3153 638 3221 cogitatis
659 3161 686 3205 et
703 3154 827 3204 animum
843 3155 1023 3219 firmioribus,
1052 3175 1150 3229 quam,
1177 3154 1252 3228 quod
1270 3153 1377 3216 εἰοιιιιε,

281 3219 454 3286 geometricis
469 3218 749 3276 demonstrationibus
768 3225 943 3290 convincere,
965 3245 1021 3280 non
1040 3244 1116 3292 csse,
1139 3245 1195 3280 nou
1214 3227 1274 3278 sore
1292 3223 1377 3276 ulium

280 3288 419 3342 amicitiae
438 3291 552 3342 formam
570 3294 842 3365 perfectionemque,
871 3315 952 3369 quam
973 3299 1046 3351 inter
1064 3315 1113 3351 nos
1131 3316 1187 3351 nou
1207 3297 1376 3366 expresseri-

279 3372 339 3408 mus
358 3359 406 3423 ita,
425 3367 455 3412 ut
473 3359 603 3415 accedere
622 3363 695 3416 nihii
712 3368 806 3434 possit
828 3367 886 3421 Hoc
907 3378 936 3421 et
953 3369 1067 3423 ioannes
1082 3369 1250 3440 evangelista
1268 3365 1375 3430 videns,

278 3428 321 3478 uti
340 3430 456 3499 opinor,
473 3429 632 3486 bominibus
651 3437 808 3507 praecepit,
826 3439 909 3492 talem
928 3457 991 3512 erga
1008 3441 1098 3492 Deum
1116 3443 1258 3492 caritatem
1278 3446 1375 3489 osteu-

279 3495 356 3560 dere,
374 3501 481 3570 quatem
499 3519 561 3571 erga
579 3506 688 3560 amicos.
724 3507 753 3559 Si
774 3509 848 3560 caim
867 3527 916 3580 ego
934 3510 1165 3582 quemadmodum
1183 3519 1259 3562 atua
1272 3508 1374 3560 volan-

277 3575 333 3620 tate
360 3575 435 3624 totus
458 3572 583 3642 pendeo,
611 3579 759 3649 omniaque
785 3595 854 3650 prae
885 3590 933 3634 tuo
953 3581 1029 3635 cultu
1049 3591 1079 3634 et
1103 3581 1276 3634 observantia
1297 3581 1372 3648 parvi

276 3637 385 3707 pendo,
410 3643 449 3694 sic
475 3660 536 3714 erga
559 3647 647 3700 Deum
673 3647 806 3714 afficerer,
832 3667 887 3721 quo
912 3671 969 3706 non
986 3654 1096 3705 virtutis
1114 3654 1304 3722 processissem
1326 3657 1372 3702 aut

276 3708 353 3780 quod
375 3711 514 3778 studium,
540 3735 622 3788 qnam
649 3719 831 3790 cupiditatem
854 3723 890 3775 ad
907 3723 1035 3776 mandata
1061 3724 1118 3776 cius
1137 3722 1304 3775 hilarissime
1320 3720 1371 3772 ob·

275 3781 367 3834 esuuda
388 3801 444 3836 non
463 3783 672 3842 adhibuissem?
709 3791 737 3842 Si
756 3809 837 3861 porro
855 3801 900 3857 tu,
927 3795 998 3848 sicut
1022 3793 1136 3858 dixisti,
1166 3795 1260 3846 omnia
1285 3793 1370 3844 amori

276 3861 370 3906 nostro
387 3860 549 3926 postponis,
569 3870 597 3913 et
615 3862 735 3912 vicissim
750 3863 780 3914 in
799 3880 891 3916 amore
908 3865 950 3918 tui
965 3864 1034 3919 mihi
1049 3873 1113 3917 suut
1126 3868 1233 3926 omuia,
1253 3871 1284 3914 nt
1301 3877 1369 3932 quae

275 3928 305 3974 tu
328 3923 385 3988 vis,
404 3943 436 3978 ea
460 3935 487 3980 et
505 3932 622 4002 cogitem
645 3937 673 3983 et
690 3949 781 4002 agam,
828 3937 857 3986 ui
875 3937 972 4004 potui,
991 3953 1060 4009 quae
1078 3937 1233 3988 molestiam
1251 3933 1304 3986 tibi
1323 3949 1369 4002 pt·

275 3993 361 4076 ri'tura
379 3997 533 4063 crederem,
560 4019 591 4054 ca
609 4003 644 4055 de
663 3953 929 4058 industriaiaeere?
964 4009 1021 4060 ianr
1045 4007 1107 4078 quis
1133 4015 1218 4059 status
1241 4004 1368 4074 Syrgian-

274 4079 317 4115 nrs
337 4065 437 4131 iuuerit,
462 4069 573 4124 edicam.
611 4073 734 4143 Quorum
753 4075 899 4128 criminum
921 4084 1093 4146 compertus,
1119 4077 1155 4128 ab
1173 4095 1222 4128 avo
1242 4083 1291 4128 tuo
1308 4093 1366 4125 car-

274 4151 335 4186 cerc
359 4135 500 4192 damnatus
527 4143 578 4206 sit,
607 4151 637 4196 tu
662 4163 774 4215 quoquc
807 4145 890 4199 nosti.
927 4147 1011 4218 Atqui
1030 4165 1093 4218 ego,
1121 4145 1234 4200 subacto
1252 4165 1269 4198 a
1286 4145 1365 4197 uobis

273 4203 417 4273 Byzantio,
446 4211 622 4267 vehementer
650 4213 748 4268 durum
775 4223 802 4268 et
828 4219 1101 4274 acommiscratioae
1118 4218 1238 4274 alienum
1257 4217 1364 4274 comui,
