3114 4930
466 265 750 370 Histottttttutt
778 267 877 342 tae.
1139 265 1216 353 ινφ

135 427 256 490 vector.
290 419 352 512 πρὸ
373 421 492 512 χρόνον
511 426 572 508 μέν
594 413 652 489 οῦν
672 446 756 499 τινος
774 425 828 509 τής
850 421 1008 510 διαφορῦς
1026 417 1287 506 areolarum&
1300 437 1361 492 rtet

133 521 187 588 καί
196 527 255 616 τοῦ
271 527 344 590 νέου
359 524 515 607 βασιλέως
530 521 828 610 έπιστρατεῦααντός
845 543 906 604 σοι,
924 517 991 603 ἅμα
1006 544 1041 585 τε
1058 516 1296 606 ἐμνήσθης-ΜΟ

132 621 274 709 εἰρήνης,
296 619 380 688 καίὄ
395 620 448 700 σὸς
462 619 604 706 ἔγγονος,
626 616 731 704 ῶσπερ
744 612 785 685 ι’ἰν
800 619 898 697 αῦτῦς
912 613 957 686 ῶν
973 615 990 681 ὅ
1012 620 1127 701 αἰτῶν,
1149 618 1220 683 καί·

132 745 177 785 τοι
196 722 297 786 δοκῶν
308 721 344 786 έν
356 724 400 810 τῷ
416 723 540 810 πολέμῳ
555 725 757 800 πλεονεκτεῖν,
771 719 977 805 προσεδέξατο
991 718 1144 799 ἀσμένως,
1165 715 1222 782 καί

109 821 288 888 5διελέλντο
303 813 414 904 ari-9133,
435 815 541 906 ῶσπερ
566 812 606 884 ῦν
625 819 656 883 εἰ
673 819 755 904 μηδὲ
770 815 828 902 τήν
848 813 982 904 εἰρχήνῦ
998 813 1132 896 πόλεμος
1144 839 1220 880 σνν-

130 920 205 1004 έστη
217 915 267 1037 ηδ
282 917 320 1006 δή
337 915 413 1004 ήμῖν
428 943 463 984 τε
479 918 535 985 καί
551 920 596 1008 τηῦ
613 917 706 1001 ῦμῶν
724 916 852 1006 ῦπηκόρι
875 914 970 982 παντί
987 915 1101 1002 ἡδονῆς
1118 911 1219 980 αἴτιον

131 1021 184 1085 καί
204 1017 367 1102 ευθνμίας
387 1021 541 1104 κατέστη,
575 1019 727 1102 εῦτυχίας
747 1024 813 1093 τοῖς
836 1013 1011 1098 Ῥωμαίοις
1041 1011 1144 1099 ἀρχήν
1164 1008 1220 1096 τήν

130 1115 255 1236 ήμέραν
276 1117 395 1206 ἐκείνην
416 1119 647 1203 λογισαμένοις.
667 1118 740 1185 νονί
761 1118 796 1184 δὲ
816 1113 949 1204 ὁρῶντές
970 1139 1006 1181 σε
1027 1111 1081 1180 τὸν
1100 1115 1219 1194 μᾶλλον

125 1243 207 1290 ,οντα
229 1217 369 1301 δίκαιον,
390 1217 424 1286 εἴ
437 1244 470 1284 τι
489 1217 545 1284 καί
563 1219 727 1304 προπετῶς
747 1213 836 1304 παρὰ
857 1217 915 1282 τοῦ
935 1213 1062 1300 ἰγγένου
1084 1213 1141 1277 τοῦ
1161 1210 1221 1276 σοῦ

91 1321 301 1406 εοέαροίττετο
322 1313 375 1386 oia
396 1321 485 1402 νέου,
516 1315 570 1384 τὸν
591 1317 727 1399 πόλεμον
748 1319 982 1397 καταστέλλειν,
1021 1305 1223 1392 έξοῦδεμιῦς

126 1417 236 1497 αἰτίας
263 1421 445 1505 προφανοῦς
476 1415 533 1494 τάς
552 1440 587 1482 τε
615 1411 755 1492 σπονδὰς
783 1411 930 1480 λελνκῦτα
951 1411 1007 1478 καί
1025 1411 1221 1493 πολεμοῦντα

128 1519 285 1606 φανερῶς,
306 1518 496 1601 οἷδνμοῦμέν
515 1541 560 1601 τε,
580 1514 624 1592 ῶς
643 1512 733 1598 εἰκὸς,
755 1513 809 1579 καί
822 1513 996 1600 συμφορῶν
1010 1506 1114 1596 οἰργήν
1129 1505 1244 1595 ἡγοῦ-Β

126 1621 215 1700 pella
236 1615 296 1701 τήν
313 1613 404 1682 λῦσεν
423 1620 487 1682 τῶν
505 1617 662 1682 σπονδῶν.
682 1607 722 1678 οῦ
743 1610 782 1700 δή
803 1614 894 1678 ἓνεκα
915 1608 971 1676 καί
989 1605 1128 1692 δεόμεθά
1150 1629 1220 1688 σον,

127 1719 274 1799 βασιλεῦ,
295 1713 375 1802 πρὸς
389 1709 491 1780 αῦτοῦ
502 1718 562 1780 τοῦ
574 1715 637 1780 τῶν
655 1707 757 1799 ὅρκων
772 1710 892 1799 ἐφόρου
910 1711 999 1791 θεοῦ,
1020 1709 1079 1772 τοῦ
1095 1707 1150 1772 καί
1168 1696 1223 1770 ῦν-

94 1820 179 1892 εὸτος
199 1816 325 1901 εἰρήνης
341 1812 397 1881 καί
410 1816 624 1896 καλουμένου,
644 1809 699 1879 τὸν
719 1810 856 1891 πόλεμον
875 1813 1079 1886 καταθεῖναι,
1100 1803 1156 1868 καί
1175 1802 1222 1887 μή

128 1917 283 2002 περιϊδεῖν
302 1912 337 1980 τί
360 1910 497 2001 ῦπήκοον
519 1913 573 1980 διὰ
585 1912 643 1997 τήν
663 1910 822 1996 ῦμετέρυν
837 1909 1032 1996 φιλονεικίαν
1045 1904 1224 1989 ἄνηκέστοις

129 2025 237 2092 κακοῖς
257 2015 449 2101 περιαεσόν.
480 2016 511 2080 εἰ
531 2016 592 2096 μὲν
612 2003 671 2079 οῦν
691 2007 832 2086 πεισθείς
851 2015 918 2085 τοῖς
938 2001 1102 2091 ήμετέροις
1122 1999 1225 2085 λόγοις
1272 2075 1275 2082 ι

129 2113 187 2201 τήν
209 2114 335 2201 εἰρήνην
355 2113 426 2180 εἰντί
445 2117 504 2180 τοῦ
516 2197 519 2204 ⁴
531 2116 672 2196 πολέμου
701 2113 822 2193 μᾶλλον
843 2104 972 2193 ῦοπάση
993 2105 1048 2168 καί
1066 2097 1126 2190 τήν
1145 2096 1225 2184 πρὸς

131 2213 184 2282 τῦν
205 2213 330 2301 ἔγγονον
344 2212 401 2282 τὸν
415 2210 472 2280 σόν
491 2210 643 2296 ῦμὸνοιαν
660 2209 716 2276 καί
729 2207 901 2289 κοινωνίαν,
922 2206 978 2270 καί
996 2196 1090 2270 αῦτοί
1101 2197 1225 2286 repoli-

89 2339 214 2398 20pove
243 2315 419 2400 παρέξομεν
437 2307 574 2388 ἓαντοῦς
602 2311 656 2376 καί
674 2307 731 2386 τὰς
751 2303 862 2391 ψυχὰς
884 2300 1001 2385 αῦτοίς,
1035 2302 1067 2366 εἰ
1092 2291 1156 2367 οἰόν
1177 2319 1223 2377 τε,

130 2413 210 2501 ὑπὲρ
241 2414 303 2484 τῶν
323 2414 379 2480 σοι’
396 2437 431 2478 τε
451 2409 507 2477 καί
525 2413 569 2500 τῷ
590 2407 704 2499 ἰγγόνερ
725 2409 768 2498 τῷ
796 2409 842 2494 opi
862 2379 1089 2490 ῦυμφερῦντων
1108 2393 1225 2487 ῥᾳδίας

129 2515 344 2601 προϊεμένους.
365 2505 406 2582 ῶν
427 2513 467 2595 δ’,
489 2507 510 2575 δ
528 2507 572 2596 μή
593 2515 723 2594 γένοιτο,
748 2505 887 2591 πονηροῦ
906 2525 989 2577 τινος
1009 2497 1223 2584 βαοκήναντος

126 2611 300 2698 δαίμονος,
333 2610 392 2700 τήν
412 2611 567 2699 ἡμετέραν
586 2611 647 2692 μὲν
668 2605 778 2694 ἅπῶσγγ
800 2599 989 2692 πρεσβείαν,
1019 2607 1084 2675 τοῖς
1104 2598 1134 2662 δ’
1153 2587 1231 2660 lvci·

201 2733 294 2824 ostro
315 2763 387 2844 ήμῐν
403 2763 549 2837 legebatur
568 2758 638 2835 δμῐν
656 2767 685 2814 et
706 2759 744 2833 ri.
763 2744 800 2811 οῦ
816 2773 867 2828 pro
884 2754 937 2808 roll
957 2759 1022 2804 auto
1040 2749 1098 2802 καλ.

207 2911 235 2960 te
252 2905 282 2960 io
301 2911 328 2958 te
346 2919 420 2956 arma
437 2901 587 2964 moliente,
611 2914 671 2952 eum
698 2897 816 2966 primurn
835 2890 911 2960 pecie
928 2886 1099 2940 mentionem
1118 2879 1228 2942 iecisti,

130 2981 211 3034 ittrco
230 2979 271 3042 ia,
290 2994 346 3028 uon
364 2990 441 3028 accur
470 2989 551 3044 quam
576 2971 599 3022 ei
620 2969 678 3037 ipae
698 2981 792 3036 pacem
810 2967 933 3030 peteret,
950 2954 1073 3032 ‚uamvia
1092 2967 1228 3004 armorum

128 3049 259 3122 potentia
284 3046 478 3107 antecelleret,
504 3040 635 3114 petitioni
663 3036 783 3088 libenter
807 3033 897 3084 locum
916 2976 1010 3088 uelit,
1035 3019 1229 3076 reconciliatur

130 3130 176 3176 cat
196 3119 287 3172 atatim
305 3132 338 3170 oe
356 3117 378 3168 ai
396 3116 502 3170 bellom
522 3110 667 3166 contlatum
682 3121 791 3176 proram
810 3116 950 3171 nunquam
969 3097 1082 3150 tuimet:
1101 3091 1131 3142 id
1151 3086 1230 3158 quoti

131 3189 216 3244 nobie
242 3196 387 3260 vestroque
409 3185 525 3253 imperio
554 3179 692 3234 contentia
722 3172 864 3234 omnibus,
890 3168 963 3222 diem
993 3165 1071 3218 illum
1090 3163 1227 3214 Romanae

131 3261 264 3316 felicitati
292 3255 540 3326 auspicatissimum
564 3247 772 3320 reputantibus,
801 3239 932 3312 singulari
950 3235 1075 3292 laetitiae
1092 3233 1155 3290 suit.
1192 3232 1229 3282 At

130 3349 226 3396 nune,
243 3345 305 3381 curn
321 3326 462 3382 videmnus
481 3333 525 3389 to,
553 3338 633 3393 quem
654 3333 772 3390 acquum
794 3321 867 3376 erat,
892 3313 915 3364 ai
935 3305 1003 3380 quid
1022 3306 1105 3361 etiam
1123 3311 1228 3356 temere

130 3422 150 3460 a
184 3419 219 3455 ue
236 3399 474 3456 iueonaitleratea
497 3402 601 3464 nepote
619 3391 655 3443 ob
676 3391 809 3442 servorem
829 3383 928 3436 actalia
948 3385 1103 3450 gereretur,
1122 3373 1228 3426 bellum

130 3490 164 3528 ae
184 3488 240 3535 arc,
257 3469 334 3526 nullu
350 3468 384 3522 de
405 3484 485 3524 cauea
501 3464 646 3518 manticato
662 3461 747 3526 sancto
760 3456 880 3514 loedere,
897 3452 1002 3510 bellum
1022 3445 1163 3518 propalam
1183 3441 1229 3496 iu·
1263 3460 1267 3468 ·

131 3545 223 3606 serre,
241 3543 348 3603 animo,
365 3548 397 3591 ut
407 3556 462 3661 par
482 3544 541 3599 eat,
560 3531 746 3592 concidimur,
765 3535 793 3580 ct
812 3525 989 3579 violationem
1008 3521 1087 3574 iatam
1106 3512 1228 3567 loedoria

132 3616 322 3669 calamitatum
340 3628 406 3666 eaor
426 3609 482 3666 ium
500 3607 558 3658 lore
577 3603 746 3664 arbitramur.
784 3596 863 3667 Quae
882 3611 941 3647 cum
960 3593 998 3648 ita
1017 3591 1091 3648 aiut.
1110 3593 1155 3646 te,
1174 3583 1228 3632 im-

131 3693 262 3757 perator,
281 3699 329 3752 per
346 3681 425 3738 illum
442 3679 531 3748 iprum
555 3671 769 3727 iuramentorum
788 3665 959 3738 praecident,
983 3662 1031 3730 qui
1051 3665 1092 3709 eat
1110 3662 1139 3708 et
1156 3651 1227 3706 dict„

131 3767 182 3812 tur
200 3757 275 3808 Deua
295 3754 379 3823 pecie,
398 3749 582 3807 obsecramur,
602 3745 643 3796 uti
661 3757 735 3798 arma
750 3738 888 3808 deponam
906 3749 975 3787 neve
987 3731 1125 3782 aubiectoa
1137 3737 1228 3792 popu-

131 3829 179 3882 loa
194 3833 306 3898 propter
325 3820 491 3878 discordiam
510 3826 624 3872 reatram
643 3807 886 3868 malia'teterrimie
907 3803 991 3870 affligi
1019 3799 1128 3868 patiare.
1149 3792 1179 3842 Sl
1196 3798 1228 3846 tu

131 3897 217 3954 nobie
231 3891 429 3954 obaecnurlana,
449 3889 523 3942 bello
540 3886 694 3960 repudiato,
711 3897 806 3950 paoem
822 3884 851 3930 et
866 3891 926 3926 eum
942 3879 1042 3940 nepote
1055 3861 1229 3922 concordiam

134 3967 412 4034 communionemque
430 3959 560 4020 trivetto,
578 3955 698 4009 riciaairn
717 3969 767 4022 pro
788 3956 904 4018 utroque
921 3951 1057 4000 vestrum,
1077 3936 1101 3989 ai
1120 3932 1229 3986 occatio

119 4041 236 4103 'fuerin
256 4037 373 4106 impigre
392 4049 442 4094 noa
460 4033 535 4101 ipeua
552 4025 709 4088 trademur„
736 4029 765 4074 et
779 4019 883 4071 animae
901 4020 1008 4068 noatroa
1026 4007 1102 4060 haud
1119 4009 1230 4072 gravate

133 4109 213 4166 letho
239 4111 392 4162 offeremus.
430 4103 495 4164 Sia,
520 4097 594 4170 quod
611 4099 686 4150 Deua
710 4094 885 4150 averruncet,
908 4084 980 4136 malo
1005 4078 1122 4132 daemon

136 4179 239 4248 tenu,
263 4193 335 4251 quoe
360 4174 481 4247 petiam
501 4174 680 4244 aspernatur.
703 4159 837 4236 inprobi·
864 4150 1071 4229 impellentibaa
1090 4154 1120 4206 et
1135 4143 1166 4203 ia
1185 4141 1231 4202 ei·
