3128 4922
300 309 395 370 XXVi
725 305 753 366 1.
781 299 960 368 1²0th

299 486 364 538 tam
382 471 545 561 praeclaris
563 471 750 540 cratonum
775 481 901 557 totoque
929 470 1091 554 scriptione
1121 491 1154 536 se
1167 491 1310 555 ament,
1330 469 1387 538 de·

299 563 475 640 monstrnt.¹
493 571 917 660 SauoquodM.Tuiiiusde
935 571 1104 654 Pompeio,
1124 571 1387 658 idemegnverin·

298 679 377 740 elme
395 675 434 740 de
452 676 513 740 hoe
532 679 621 756 viro,
647 675 751 758 ptneis
778 673 968 752 immutatis,
987 691 1188 756 umrpavem.
1229 675 1390 758 Quantum

300 777 455 851 consilio,
487 789 639 862 quantum
659 771 795 838 dicendi
816 773 993 854 gravitate,
1022 783 1055 834 et
1083 773 1177 858 copia
1195 773 1323 846 valen,
1350 773 1389 834 in

299 895 362 962 qno
381 878 452 964 ipso
474 877 556 939 inest
572 874 728 960 quaedam
750 871 890 953 digniter
911 871 1138 956 imperatorio,
1165 891 1225 935 vor
1241 892 1285 936 cx
1302 873 1388 936 hisce

297 974 392 1039 utris
416 995 508 1060 saepe
526 972 729 1056 cognoscetis.
770 971 895 1055 Oppida
917 969 1094 1054 complura,
1120 993 1199 1054 qnne
1222 974 1315 1034 omis
1335 993 1388 1035 re-

298 1075 464 1154 sistebant,
494 1077 557 1138 oris
578 1077 626 1137 eui
639 1072 781 1136 facundia
794 1072 933 1154 subegit:
965 1081 1001 1132 ut
1021 1071 1105 1155 quod
1132 1072 1252 1156 Cynses
1272 1071 1390 1156 legatus

297 1163 421 1258 Pyrriio
434 1175 631 1258 Epirotarum
644 1175 722 1256 regi,
742 1171 802 1236 hoc
819 1171 901 1236 idem
914 1191 1010 1255 poene
1024 1170 1202 1234 Andronico
1215 1173 1391 1256 imperatori
1522 1204 1531 1226 a

298 1271 526 1338 Cnntncunenus
550 1272 651 1341 merit
691 1273 824 1336 Etcum
847 1275 978 1336 oratorie
1001 1275 1042 1340 eit
1061 1271 1221 1336 historiam
1240 1273 1387 1353 scribere,

294 1374 323 1436 si
337 1393 399 1456 qun
412 1371 494 1454 alio,
513 1372 588 1438 haec
601 1375 667 1438 sine
680 1374 887 1436 controversia
901 1375 1055 1452 oratorie,
1073 1369 1133 1434 hoc
1147 1383 1193 1436 est
1206 1371 1387 1456 prudenter,

296 1469 461 1554 disposite,
481 1473 611 1553 diserte,
630 1493 689 1536 noc
702 1474 863 1540 invenuste
871 1473 988 1556 ‘scriptu
1007 1483 1062 1539 est.
1103 1471 1215 1536 Pontes
1228 1471 1390 1557 diligenter

295 1569 423 1654 kgisse,
455 1571 626 1638 Homerum
645 1574 809 1656 praecipue
842 1583 873 1638 ot
893 1571 1095 1655 Euripidem,
1136 1573 1275 1636 crebrius
1294 1594 1331 1636 ex
1352 1574 1391 1636 iis

294 1669 407 1754 prolati
432 1691 539 1734 vesus
558 1671 680 1734 docent.
723 1671 887 1736 Sacrorum
907 1670 1079 1736 litterarum
1100 1673 1227 1736 scientia
1248 1693 1311 1736 non
1332 1693 1389 1755 pn·

295 1787 365 1832 rum
377 1771 551 1851 imbutum,
569 1782 616 1834 tot
637 1770 697 1834 loci
711 1776 848 1856 opposite
868 1771 986 1835 inducti
1009 1783 1189 1856 argumento
1203 1783 1286 1836 sunt.
1328 1773 1388 1834 Sed

292 1869 327 1932 id
341 1892 377 1932 ex
396 1871 483 1936 libris
497 1871 565 1936 eliis
579 1871 643 1935 soie
665 1871 777 1934 clurino
791 1883 858 1952 est,
879 1891 957 1957 qtros
978 1891 1089 1956 nempe
1108 1883 1216 1936 contra
1229 1872 1390 1936 Mahome-

292 1977 381 2033 tanos
405 1981 436 2033 et
466 1969 596 2036 Iudaeos
633 1971 740 2040 edidit.
780 1971 896 2036 Fertur
916 1974 1040 2056 insuper
1062 1974 1095 2036 in
1116 1976 1253 2058 quinque
1271 1973 1391 2057 priores

293 2069 463 2134 ethicorum
483 2069 658 2136 Aristotelis
678 2069 887 2156 Perepbresin
908 2073 1133 2155 conscripsisse.
1172 2073 1257 2136 Haeo
1271 2071 1311 2134 de
1324 2083 1391 2136 etu-

293 2167 352 2232 diis
379 2181 412 2234 et
433 2170 544 2234 litteris
566 2173 644 2241 eius.

373 2270 467 2351 Quod
487 2271 528 2334 nd
548 2291 648 2334 mores
668 2282 699 2335 et
712 2271 841 2352 uirtutes
855 2273 982 2350 attinet,
1004 2271 1164 2334 veritatem
1190 2272 1332 2352 amavit,
1353 2282 1390 2334 ut

290 2369 345 2455 qui
365 2371 515 2452 mansne,
545 2372 640 2456 idque
657 2374 747 2434 toties
769 2383 899 2435 testetur
928 2390 965 2432 ec
991 2370 1163 2454 profiteor.
1213 2372 1390 2454 Eiuspru-

291 2469 394 2535 dentin
409 2469 548 2550 edictis,
575 2469 947 2554 mnximequeeconsiiiis
964 2472 1084 2554 egregio
1113 2487 1234 2566 semper
1270 2483 1302 2536 et
1323 2491 1391 2534 me-

290 2570 439 2632 morande
458 2573 658 2656 perspiciturr
693 2570 785 2654 digne
799 2570 956 2656 profecto,
977 2572 1027 2634 cui
1061 2567 1112 2634 vel
1132 2575 1231 2636 maius
1249 2573 1391 2635 commit·

289 2681 406 2732 teretur
420 2674 597 2754 imperium.
639 2671 855 2751 Fortitudinis,
876 2670 1148 2754 magnanimitatis,
1169 2694 1206 2736 uc
1227 2673 1392 2756 patientiae

292 2779 353 2851 ert,
382 2771 466 2854 quod
486 2793 639 2856 nusquam
660 2774 756 2836 ferme
776 2774 863 2838 abent
884 2775 926 2836 nb
947 2777 1099 2854 exercitu,
1121 2774 1391 2856 manuquesunin

291 2867 411 2932 hostem
424 2881 541 2955 pugnat
554 2871 704 2936 viriliter:
733 2895 790 2936 nec
804 2867 1014 2958 voluptatibus
1027 2873 1186 2958 indulget,
1207 2884 1238 2934 et
1257 2873 1392 2936 adversis

292 2970 412 3033 ensibus
426 2991 490 3035 non
516 2972 687 3055 frangiturt
710 2973 829 3036 iniuriis
843 2974 1051 3056 (potissimum
1064 2973 1104 3034 ab
1119 2971 1327 3054 Apocnucho,
1341 2972 1391 3034 cui

292 3079 455 3156 tnntopere
475 3071 687 3152 benefecernt,
710 3072 810 3151 illotis)
826 3093 890 3136 non
912 3073 1101 3136 succumbit:
1124 3084 1155 3134 et
1168 3073 1317 3136 invidiam
1338 3091 1391 3134 ne-

293 3187 356 3252 quo
377 3182 480 3233 mente
501 3173 639 3238 sustinet
697 3171 735 3234 ln
757 3173 837 3236 bene
859 3174 898 3235 dc
921 3195 954 3236 se
975 3183 1126 3236 merentes
1147 3194 1227 3235 unus
1251 3173 1390 3234 omnium

294 3269 502 3352 gratissimum
524 3289 618 3354 quem
631 3273 777 3332 timitem
796 3275 830 3334 in
851 3272 919 3336 niiis
933 3275 1025 3336 etiam
1040 3283 1142 3353 amat,
1163 3283 1195 3336 et
1217 3273 1287 3336 ideo
1307 3270 1392 3334 nullu

294 3368 516 3452 propemodum
531 3371 643 3453 pagina
657 3373 827 3454 gratiarum
847 3374 1016 3436 actionibus
1031 3383 1129 3435 vacet.
1183 3370 1236 3434 Ad
1249 3369 1392 3435 modera-¹

294 3468 422 3546 tionem,
442 3471 723 3554 continentiamque
736 3475 881 3554 pertinet,
909 3474 993 3557 quod
1006 3474 1127 3555 imperii
1147 3474 1393 3534 communionem

294 3564 351 3628 sibi
366 3566 407 3628 nh
428 3567 607 3634 Andronico
620 3573 712 3634 etiem
726 3583 870 3653 quartum
892 3572 1043 3653 deletum,
1073 3583 1201 3640 recusat.
1236 3572 1274 3634 ln
1287 3572 1394 3634 amici·

293 3668 338 3728 tiu
357 3665 486 3730 colende
505 3675 784 3755 constantissimus,
810 3673 1022 3736 Andronicum
1043 3674 1193 3734 minorem
1215 3673 1392 3754 praecipue,

294 3777 326 3828 ot
347 3765 513 3832 Amurium
528 3771 654 3834 Persem
670 3772 775 3836 ioniae
788 3773 948 3858 Snuupnm
985 3777 1051 3835 sive
1073 3773 1242 3856 principem
1265 3768 1392 3849 dilexit,

294 3866 412 3951 luitque
432 3870 568 3934 vicissim
594 3871 742 3936 ambobus
764 3893 857 3956 supra
879 3893 972 3956 quom
994 3873 1055 3934 dici
1078 3881 1178 3956 potest
1211 3870 1322 3932 charus
1362 3881 1393 3931 et

295 3966 457 4033 iucundus.
499 3971 614 4034 Dilexit
635 3967 705 4034 cum
728 3977 819 4036 etiam
833 3972 1030 4036 vehementer
1044 3993 1061 4036 e
1076 3969 1253 4056 proceribus
1267 3967 1391 4032 Tribul-

294 4063 395 4128 lorum
420 4067 665 4151 opulentissimus
687 4073 811 4154 quidum
835 4073 984 4152 Liberus‘,
1019 4085 1054 4136 ut
1075 4083 1121 4134 est
1139 4071 1193 4135 lib.
1208 4072 1237 4136 ὅ.
1252 4092 1321 4153 cup.
1336 4066 1389 4147 dn.

295 4163 526 4234 Beneficentinm
549 4193 585 4234 nc
606 4171 819 4238 iiberalitntcm
837 4173 932 4240 coluit
951 4171 1149 4252 muntium,
1180 4183 1210 4236 ct
1231 4173 1262 4237 in
1278 4170 1390 4233 exerui-
