3074 4934
381 278 468 370 356
780 299 1062 370 murscunnr

230 465 558 545 λαιλτρδπιθέμενοι
587 457 711 541 αύτοῖς,
742 448 782 522 ού
801 455 900 539 μόνον
928 447 966 520 ού
987 455 1199 537 περιεγένοντο
1231 445 1347 536 αύτύν,
1376 461 1438 520 otiu

380 565 437 634 κατ’
454 564 518 628 τόν
538 560 659 626 οἰκείων
687 557 849 640 ἀπέβαλον
876 551 951 630 τούς
976 545 1092 643 ἀνδρίᾳ
1122 551 1260 636 μάλιστα
1280 555 1441 639 προέχοντας

380 666 436 732 καί
454 659 570 746 τόλμῃ.
597 659 654 723 καί
670 661 740 738 μετ’
762 650 880 731 αύτούς
899 649 993 718 πόλιν
1012 647 1129 739 ἑτέρων
1154 653 1257 716 καίτοι
1280 675 1315 736 γε
1332 648 1444 738 ἀνοήτως

380 753 625 847 προσβαλόντων
646 757 702 821 κατ’
726 755 858 842 φαύλως
877 746 1123 836 ἀγωνισαμένων
1141 747 1178 816 τό
1200 753 1321 834 δοκεῖν,
1347 749 1385 828 sis
1401 753 1444 834 ἐμὲ

381 861 527 945 οἰηθῆναι
548 854 667 932 πάντας
687 847 803 930 αύτούς
828 853 1017 938 διαφθερεῖν
1037 847 1138 936 ἡμᾶς,
1160 844 1244 932 ὅμως
1263 848 1341 936 πλὴν
1358 845 1458 934 όλόγαιᾶ

349 961 446 1024 Deris
466 952 644 1036 πεσόντων,
665 953 696 1018 oi
713 945 804 1018 ἀλλοι
823 948 939 1025 πόντες
956 947 1045 1036 παραὶ
1067 946 1163 1030 δόξαν
1183 947 1386 1035 διεσώθησαν·
1412 939 1446 1014 όν

378 1079 435 1141 μοι
455 1054 513 1121 καὶ
531 1056 620 1119 δοκεῖ
634 1049 691 1119 τόν
719 1046 893 1139 στρατηγόν
923 1043 1112 1133 όβασιλεύς
1137 1051 1195 1136 τῆς
1225 1047 1446 1128 &scitissime

381 1157 428 1232 εἷς
447 1153 506 1240 την
525 1153 685 1240 σωτηρίαν
707 1147 893 1237 ζημιώσειν.
929 1151 965 1214 ἐκ
984 1149 1090 1214 τοίνυν
1109 1147 1230 1215 τούτων
1250 1141 1448 1220 monueritis

380 1252 437 1322 τόν
462 1253 599 1338 βασιλέα
629 1249 755 1318 οἴεσθαι
779 1252 826 1324 εἰς
852 1245 910 1334 τὴν
935 1243 1107 1336 ύστεραόαν
1130 1249 1252 1332 μᾶλλον
1281 1241 1449 1334 ἢπρότεροι
1512 1249 1513 1252 ’

379 1349 567 1440 θαᾷῥούντα
586 1349 665 1438 ἡμῖν
677 1345 946 1436 ἐπιστρατεύσειν,
966 1344 1051 1434 ἡμᾶς
1069 1350 1105 1414 δὲ
1123 1344 1170 1432 μὴ
1186 1349 1378 1430 δυναμένους
1390 1339 1476 1430 spisso

378 1447 438 1536 την
463 1451 576 1534 μα’χην
605 1443 786 1533 ἀντισχεῖν,
821 1445 949 1536 φεύγειν
978 1447 1095 1536 ἀνάγκη
1121 1447 1314 1534 ἡττηθέντας
1336 1445 1452 1530 αἰσχρός

381 1549 437 1614 κατ’
458 1544 614 1633 ἀγεννῶς.
649 1551 681 1614 εἰ
707 1549 743 1612 δὲ
763 1545 867 1633 παρόν
895 1542 1069 1625 ἀκινδύνως
1098 1548 1260 1628 σώζεσθαι
1280 1548 1334 1614 καί
1349 1545 1454 1631 προσέτι

380 1650 437 1714 καί
454 1643 510 1732 την
529 1649 565 1714 ἐκ
584 1647 642 1732 τῆς
661 1642 754 1732 ἥττης
774 1646 903 1724 ἀδοξίαν
924 1649 1101 1734 διαφυγεῖν,
1123 1644 1244 1734 (ούδεδς
1263 1644 1325 1733 γὰρ
1345 1637 1381 1710 όν
1396 1642 1453 1728 ἡμῖν

379 1749 543 1830 μέμψαιτο
568 1749 633 1812 τῶν
662 1749 738 1812 νούν
765 1743 904 1831 ἐχόντων
931 1743 989 1812 τόν
1008 1747 1169 1833 προῦπτον
1188 1743 1454 1833 παραιτησαμένων

380 1845 556 1932 κε’νδυνον,)
589 1843 691 1911 ἔπειθ’
713 1841 776 1910 ύπό
798 1846 990 1932 φιλονεικίας
1009 1849 1056 1922 εἰς
1073 1843 1149 1922 τούς
1169 1845 1327 1930 ἐσχάτους
1345 1837 1479 1914 ἓαυτούςιό
1513 1858 1514 1934 l

380 1943 617 2028 καταστήσομεν
647 1941 829 2025 κινδύνους,
863 1945 922 2008 oris
951 1937 1016 2032 ἀρα
1042 1941 1174 2026 δόξομεν
1201 1941 1390 2030 ἀνοηταίνειν
1415 1939 1456 2004 κατ’

176 2041 181 2050 ’
286 2057 313 2110 Ρ.
320 2041 597 2127 λλῦέπιβουλεύειν
610 2038 753 2124 ἓαυτυῖςς
775 2042 826 2109 διό
842 2041 881 2129 δη’
897 2069 953 2125 μοι
969 2047 1025 2110 κατ’
1042 2047 1135 2126 δοκεῖ,
1151 2045 1242 2110 τουτί
1253 2047 1316 2127 μὲν
1329 2039 1363 2108 τό
1379 2065 1457 2126 στρα-

379 2145 514 2211 τόπεδον
533 2151 729 2227 καταλιπεῖν,
749 2141 860 2228 ἑτέρας
881 2145 917 2208 δὲ
937 2142 1057 2222 πολλαὶς
1078 2138 1299 2230 ἀναχωρήσεις
1313 2137 1458 2228 όχυρωτύ·

281 2299 284 2306 ,
380 2269 438 2320 τας
457 2247 513 2308 καί
532 2241 771 2329 δυσπροσόδους
791 2241 917 2326 ἔχοντος
936 2246 993 2309 τοῦ
1014 2241 1125 2326 τόπου,
1146 2241 1191 2319 εἴς
1210 2269 1284 2308 τινα
1300 2242 1401 2308 αύτύν
1417 2241 1457 2304 ἐλ-

380 2348 451 2408 θεῖν
476 2343 570 2408 κάκεῖ
593 2339 629 2407 τό
658 2339 896 2427 ἀποβησόμενον
916 2343 1114 2430 περιμένειν.
1150 2345 1276 2427 βέλτιον
1303 2340 1364 2428 γὰρ
1389 2333 1485 2423 potito
1513 2385 1514 2432 1

382 2431 493 2515 ἀδείας
522 2440 721 2527 ἀναχωρεῖν,
752 2433 774 2525 ἢ
805 2440 945 2528 φεύγειν,
974 2444 1038 2507 τῶν
1057 2443 1232 2524 Ῥωμαίων
1266 2441 1458 2508 διωκόντων.”
1513 2457 1514 2460 ’

382 2539 525 2603 Τοιαῦτα
537 2542 598 2620 μὲν
618 2536 783 2627 Ὀρχοὶνης
800 2539 883 2622 μετύ
904 2543 969 2606 τόν
989 2543 1024 2606 ἐν
1035 2541 1118 2607 τέλει
1131 2539 1314 2625 ἐβουλεύετο
1331 2539 1461 2626 Περσῶν,

287 2635 291 2640 ’
378 2634 434 2702 κατ’
453 2632 557 2701 ἐδόκει
576 2629 697 2724 ἀριστα
717 2633 877 2704 εἶναι’καδ
894 2641 1117 2706 λυσιτελοῦντα
1137 2635 1262 2717 ἑαυτοῖς
1283 2643 1340 2706 καὶ
1358 2641 1461 2720 ἐπεψη-

377 2735 504 2820 φύζοντο
535 2734 668 2814 πάντες.
698 2736 888 2823 Κολαυύζης
916 2738 953 2802 tt
973 2741 1152 2827 Σαλιγγαρδ
1180 2741 1236 2806 καί
1256 2736 1462 2825 Καταιγύιλθῖ
1514 2741 1515 2813 l

378 2961 452 3018 sent,
470 2960 577 3008 tantam
593 2953 680 3018 abest,
696 2959 729 3008 ut
742 2953 788 3009 ευτ’
801 2953 927 3018 vicerint,
945 2956 1029 3009 etiam
1046 2953 1082 3009 δε
1098 2957 1154 3010 suls
1170 2957 1274 3010 virtute
1291 2963 1322 3010 et
1339 2955 1463 3009 bretun

377 3023 459 3094 longe
472 3027 634 3095 praecipuos
649 3025 806 3078 amiserunt
843 3025 907 3078 Post
927 3041 1051 3079 eoscum
1073 3027 1134 3090 alii,
1152 3029 1259 3080 tametsi
1279 3025 1462 3098 imprudenter,

378 3093 408 3145 in
429 3113 479 3146 nos
503 3097 698 3158 incurrissent,
715 3096 908 3165 insanaeque,
926 3103 958 3148 ut
978 3095 1143 3167 apparebat,
1161 3106 1345 3168 pugnassent,
1363 3105 1396 3149 nt
1415 3109 1463 3146 cre·

378 3160 496 3215 diderim
513 3181 606 3216 ornnes
630 3161 665 3216 εδ
688 3182 774 3217 unum
807 3165 935 3218 manibus
963 3169 1064 3220 nostris
1096 3169 1272 3221 interiectum
1296 3169 1350 3232 iri,
1387 3175 1462 3219 umen

377 3229 496 3301 demptis
514 3251 571 3285 nun
592 3235 631 3286 ita
653 3236 763 3296 multis,
781 3237 867 3288 ceteri
888 3253 981 3288 omnes
1003 3246 1113 3306 praeter
1133 3239 1295 3308 opinionem
1319 3241 1461 3292 evaserunt:

378 3317 495 3370 quorum
510 3305 594 3355 etiam
607 3303 704 3356 ducem
716 3303 880 3375 imperator,
898 3314 1012 3377 propter
1033 3306 1159 3360 ordinem
1183 3327 1240 3362 nun
1263 3318 1415 3369 servatum,
1431 3321 1463 3356 sa·

377 3371 504 3425 lutariter
520 3374 684 3428 multaturus
701 3375 817 3427 videtur.
854 3376 893 3427 Ex
914 3375 958 3428 bis
985 3377 1134 3430 verisimile
1154 3380 1202 3444 fit,
1222 3379 1303 3432 illum
1327 3377 1462 3431 maioribus

377 3457 461 3512 quam
476 3451 555 3496 antea
566 3445 710 3513 spiritibus
725 3447 786 3498 luce
800 3447 916 3499 crastina
929 3463 979 3499 nos
997 3465 1196 3517 aggressurum
1214 3467 1265 3502 nos
1278 3457 1371 3502 autem
1381 3451 1462 3518 utpote

377 3510 411 3562 ad
429 3514 610 3567 resistendum
632 3515 784 3568 imbecilles
808 3524 836 3569 et
857 3519 959 3582 victos,
977 3519 1110 3572 illiberali
1131 3537 1163 3572 ac
1183 3529 1212 3572 tu
1248 3521 1341 3592 liuga
1361 3520 1462 3572 saluus

377 3581 500 3636 volentes
514 3586 697 3658 nolentesque
716 3587 860 3657 petituros.
889 3587 973 3657 Quod
992 3589 1016 3640 si
1035 3606 1097 3640 cnm
1117 3591 1204 3644 vitato
1240 3591 1381 3644 iscrimine
1395 3585 1461 3640 salvis

372 3669 435 3724 ¹csse
446 3662 472 3706 et
490 3654 648 3724 ignominia,
666 3670 737 3727 quse
751 3658 836 3709 victos
848 3659 987 3728 sequitur,
1007 3675 1099 3711 carere
1116 3660 1209 3723 liceat,
1230 3661 1324 3731 (nemu
1340 3657 1463 3730 siquitem

374 3723 553 3792 prurientium
570 3723 771 3795 reprehendet,
790 3728 812 3779 si
826 3729 978 3796 praevisum
991 3730 1143 3798 periculum
1159 3749 1175 3783 a
1189 3731 1271 3784 nobis
1286 3723 1462 3790 detestemur.)

376 3809 410 3846 ex
420 3796 605 3848 aemulatione
616 3803 735 3848 extrema
746 3798 867 3867 pericula
878 3797 1016 3851 nobismet
1025 3801 1214 3866 creaverimus,
1234 3817 1269 3853 an
1281 3819 1340 3854 non
1350 3799 1461 3917 desipere

376 3872 405 3916 et
417 3866 470 3934 ipsi
487 3864 624 3934 capitibus
640 3869 741 3919 nostris
759 3877 865 3938 pestem
880 3877 985 3922 struere
999 3870 1189 3924 censebimus?
1207 3871 1394 3940 Quamobrem
1425 3867 1462 3915 int

375 3934 587 3999 discedendum,
607 3945 634 3989 et
654 3939 786 4008 quoniam
807 3939 881 4008 regio
902 3941 971 3992 alios
995 3942 1147 4012 complures
1168 3943 1418 4010 munitissimosque
1438 3941 1461 3984 el

374 4003 521 4076 impervios
543 4023 663 4059 recessus
685 4006 786 4071 babet,
804 4009 925 4079 aliquem
949 4011 1137 4082 occupandum
1157 4020 1186 4065 et
1206 4013 1266 4065 illic
1281 4019 1407 4065 eventum
1421 4021 1461 4058 ex·

374 4077 552 4145 spectandum
568 4076 668 4130 iudico.
705 4080 822 4148 impune
844 4081 918 4132 enirn
937 4088 966 4133 et
987 4100 1048 4134 cum
1063 4083 1210 4136 securitate
1227 4083 1375 4146 recedere,
1392 4091 1460 4149 φεοῦ

372 4147 604 4268 persequentibus
626 4149 753 4201 Romanis
780 4149 888 4220 lugere,
904 4159 1030 4274 praestat
1050 4155 1156 4225 utiquo.
1193 4153 1268 4206 llaec
1284 4152 1419 4206 Osthanes
1431 4141 1459 4196 ιδ

394 4233 465 4272 ersas
482 4227 622 4290 proceres;
641 4235 712 4290 quae
728 4227 760 4272 ut
771 4228 846 4274 recta
858 4221 902 4276 ral
923 4238 939 4274 e
959 4231 989 4276 et
1004 4224 1084 4277 utilia
1103 4223 1225 4280 οωιιίιιιιι
1246 4223 1381 4296 suffragiis
1401 4232 1457 4271 cot·
