3128 4922
560 873 1186 938 incastraturam

321 995 580 1100 dignitatum
603 1019 654 1068 ac
664 993 942 1095 functionum
960 997 1119 1097 palatii
1134 1009 1176 1072 et
1199 971 1414 1072 ecciesiae

372 1125 814 1228 Constantinopolitanae,
841 1153 999 1231 quarunt
1020 1129 1222 1204 historicus
1238 1147 1365 1217 noster
1395 1168 1398 1178 v

412 1246 596 1330 nuneinr't,
622 1265 674 1318 ex
703 1243 928 1348 Curopalata
950 1260 988 1318 et
1011 1247 1093 1319 eius
1114 1244 1315 1322 scholiasta

617 1363 851 1462 potissimum
872 1359 1104 1464 explanatio.
1307 1387 1310 1398 ·
1348 1391 1350 1398 ¹

316 1557 515 1670 Δεσπότης,
536 1587 704 1651 Dominus.
747 1586 831 1650 Haec
846 1586 1009 1672 appellatio
1023 1589 1205 1672 imperator,
1234 1586 1304 1652 filiis
1325 1589 1409 1670 eius,

316 1670 462 1731 iratribus
482 1683 512 1732 et
536 1675 654 1754 generis
668 1671 861 1733 tribuebatur
873 1676 1050 1754 generatim.
1082 1673 1212 1755 Proprie
1225 1674 1266 1734 ab
1280 1675 1410 1756 impera·

313 1756 393 1814 toria
414 1757 569 1817 maiestate
589 1754 739 1818 sccundus
757 1758 800 1816 sic
821 1756 997 1834 dicebatur,
1018 1775 1109 1838 quem
1123 1759 1304 1818 recentiores
1317 1759 1409 1820 etiam

310 1831 467 1916 υεβαστὸν
485 1851 645 1900 vocarunt.
690 1838 756 1898 Hoc
778 1842 859 1899 enim
875 1837 968 1900 semel
987 1850 1094 1900 notare
1107 1841 1261 1918 convenit,
1282 1841 1409 1922 impera·

310 1929 393 1981 tores
408 1918 475 1981 illos
489 1922 625 1984 Orientis
638 1920 750 1982 multos
762 1921 866 1983 titulos
880 1919 1059 1983 honorarius
1070 1921 1110 1982 ud
1120 1943 1191 1984 suos
1204 1923 1261 1984 sibi
1278 1921 1409 1984 devinci·

312 2002 406 2063 endos
420 2008 613 2086 excogitasse.
637 2005 672 2065 ln
689 2003 796 2064 Galliis
810 2003 884 2065 olim
898 2007 1053 2086 proximus
1066 2025 1085 2066 a
1099 2026 1171 2088 rege
1185 2007 1284 2066 maior
1297 2005 1407 2068 domus

310 2086 537 2185 nominabatur.
580 2089 768 2184 Graecorum
782 2089 1000 2184 imperatorum
1016 2088 1161 2185 exemplo,
1171 2107 1203 2149 se
1258 2089 1407 2187 oqueple-

309 2181 420 2313 §iiiiii
436 2189 721 2330 {biiugidiiiiiein
733 2169 1409 2337 iiiitebiiiiribubibioi'idboeegribmquodluliatituid

312 2345 485 2412 censentur,
499 2355 569 2396 cum
584 2357 640 2418 pro
655 2335 787 2416 despotia
794 2335 897 2398 Craies
910 2347 940 2396 et
952 2355 1059 2397 uxores
1067 2357 1124 2419 pro
1139 2336 1297 2419 despoenis
1305 2337 1405 2398 Crale·

309 2417 579 2500 naeappcllantur;
600 2418 658 2480 hoc
672 2422 784 2501 quippe
792 2429 880 2480 sonat
892 2439 1004 2481 nomen
1016 2419 1193 2483 barbarum.
1209 2420 1258 2480 Sic
1273 2420 1403 2485 aCanta-

309 2521 423 2562 curem
438 2501 629 2562 Acarnaniae
649 2513 680 2563 et
700 2501 838 2564 Aetoliae
850 2505 1002 2586 principes
1015 2502 1157 2585 despotae
1171 2501 1326 2565 dicunnu.
1347 2505 1406 2564 Ve-

308 2603 379 2643 rum
393 2595 497 2645 noster
512 2583 674 2646 historicus
689 2584 923 2646 Constantinum
937 2586 1106 2650 Andronici
1129 2585 1224 2646 fliium
1246 2585 1403 2668 despotam

307 2677 451 2730 vocatum
466 2668 583 2746 scribit,
599 2671 652 2751 qui
666 2679 735 2750 post
749 2667 928 2730 Michaelem
942 2670 1065 2730 batuam
1080 2671 1210 2753 genitus,
1225 2690 1281 2751 per
1294 2681 1404 2732 amota

307 2751 455 2812 secundas
469 2751 631 2812 obtineret.
654 2751 804 2812 infantem
816 2764 926 2814 vocant
935 2753 1075 2837 Hispani.
1097 2752 1298 2816 observanda
1308 2755 1402 2836 igitur

307 2831 367 2894 elia
380 2836 476 2895 notio.
519 2834 712 2895 Monehimus
725 2836 757 2893 in
772 2835 921 2897 Annotat.

370 2911 678 2998 Παρακοιμώμενος,
695 2917 823 2977 subaudi
835 2917 893 2978 τοῦ
903 2917 1064 2996 κοιτῶνος,
1079 2915 1221 2996 cubiculi,
1230 2915 1401 2982 Accubitcr

306 2997 443 3062 cubiculi
457 2997 497 3060 ad
518 3000 659 3080 verbum,
675 2999 707 3060 id
722 3010 767 3061 est
781 3001 859 3061 sacri
873 3000 1004 3062 cubiculi
1035 3021 1088 3074 seu
1116 3001 1309 3063 excubiarum
1323 3003 1401 3063 sacri

306 3082 439 3143 cubiculi
458 3081 648 3165 praefectus,
677 3084 807 3165 principi
828 3103 882 3143 seu
912 3085 1086 3166 imperatori
1114 3105 1133 3144 a
1154 3083 1321 3160 cubiculis,
1343 3094 1400 3147 aut

305 3164 476 3247 praefectus
497 3166 704 3226 excubitorum
740 3176 770 3226 et
784 3167 944 3227 custodum
958 3169 1035 3228 sacri
1050 3166 1194 3228 cubiculi.
1237 3167 1338 3249 Caput
1351 3177 1399 3230 est

305 3249 1400 3420 tt?tffittpttattttttffititittitlttfit.

305 3435 400 3496 gnum
414 3412 633 3476 cubicularium
647 3413 740 3498 aiiqiri
754 3425 875 3476 vocant.
927 3416 1128 3478 Leunclavius
1142 3417 1295 3478 Pandecte
1308 3413 1401 3477 bisto-

305 3499 370 3581 riae
384 3497 532 3558 Turcicae
546 3518 599 3558 seu
614 3497 653 3557 ad
663 3496 799 3560 Annales
813 3499 969 3560 Turcicos:
986 3492 1262 3580 παρακοιμώμενοι
1276 3507 1346 3558 sunt
1356 3501 1400 3560 in·

304 3582 373 3641 timi
387 3580 579 3657 cubicularii,
600 3582 654 3664 qui
668 3579 875 3665 augustalibus
889 3583 920 3641 in
936 3581 1082 3644 cubiculis
1096 3592 1127 3642 et
1137 3584 1193 3662 ipsi
1208 3591 1333 3663 propter
1345 3583 1400 3642 im·

303 3675 458 3747 penatores
479 3663 680 3726 dormiebant.
730 3663 806 3726 Tale
826 3683 908 3730 nunc
922 3662 1055 3726 officium
1070 3675 1115 3727 est
1128 3663 1210 3745 apud
1225 3664 1397 3728 Turcarum

303 3745 464 3810 sultanum
479 3749 543 3808 eius
557 3747 754 3824 cubicularii,
776 3748 829 3829 qui
852 3746 989 3808 Thiodar
1015 3758 1068 3824 aut
1088 3744 1249 3808 Trobadar
1267 3746 1397 3828 appella·

304 3839 368 3893 tur.
412 3833 443 3893 ls
457 3834 538 3892 enim
554 3833 677 3892 et'intra
690 3829 809 3890 Sultani
825 3829 998 3892 cubiculum
1011 3841 1104 3892 noctu
1119 3829 1268 3890 ‹eircubias¹
1280 3833 1343 3913 agit
1365 3841 1397 3893 et

302 3912 439 3996 pluviam
454 3913 571 3975 Saltani
584 3925 698 3977 vestem
713 3923 819 3995 gestat,
833 3921 869 3972 ut
878 3909 1116 3990 παρακείμενος,
1132 3933 1210 3995 quae
1222 3933 1394 3974 somman-

302 3999 386 4079 gium
400 4009 539 4060 vocatur.
582 3995 629 4058 Ac
643 4008 756 4058 norunt
769 4015 883 4074 munes,
904 3999 957 4077 qui
980 3997 1107 4058 Portam
1126 3997 1269 4057 viderunt
1289 3997 1396 4058 Osma·

301 4083 422 4160 nicaen,
449 4102 510 4141 non
524 4080 684 4141 sultanum
697 4079 788 4139 modo
801 4079 939 4140 comitari
954 4079 1194 4158 cubicularium,
1215 4081 1268 4162 qui
1287 4098 1393 4140 serem

301 4183 424 4246 quoque
436 4163 520 4242 caelo
533 4165 774 4245 scmamangn'um
795 4163 859 4223 eius
877 4173 984 4245 gestan
1006 4162 1059 4224 sed
1072 4183 1179 4226 omnes
1193 4165 1284 4224 etiam
1298 4164 1394 4244 quoti·

302 4245 352 4307 die
366 4247 472 4309 Busae
495 4255 526 4308 et
539 4247 655 4331 Begos,
675 4245 923 4332 profiucumque
936 4267 991 4334 per
1004 4245 1112 4310 cubem
1127 4245 1166 4312 ad
1179 4255 1299 4334 portam
1313 4265 1394 4330 eqru·
