3128 4922
307 261 376 324 XVI
738 255 765 316 1.
801 247 979 318 Pomm

309 428 370 491 Sed
392 419 476 490 iurat
497 426 591 510 ipsius
619 421 819 486 Cantocozeni
842 423 935 484 verbo
957 417 1094 505 prolerre
1116 421 1149 484 in
1174 415 1338 499 medium,
1365 434 1402 483 ex

309 528 379 590 libri
395 528 495 612 quarti
509 527 607 609 eapite
628 527 773 608 vigesimo
792 533 922 612 macto,
938 521 1035 602 unde,
1058 521 1211 605 quomodo
1232 543 1264 584 se
1278 522 1405 606 gesserit

310 629 343 690 in
367 628 493 689 historia
516 624 674 689 scribenda
694 625 858 708 GregoraS,
880 621 995 705 liquido
1009 624 1217 706 perspiciam.
1259 622 1405 705 Impera-

308 739 412 789 torem
434 746 511 789 nero
542 725 813 801 cucusenam,
844 733 1010 805 postquam
1035 723 1138 806 ipsum
1156 740 1216 804 per
1233 739 1267 782 se
1289 719 1404 803 depri-

308 846 393 890 mere
423 838 515 909 otqne
538 837 680 886 evertere
706 841 769 884 non
789 823 913 908 potuit,
937 821 1199 902 Poloeologorum
1226 821 1405 900 imperato·

309 945 381 990 rum
398 923 512 988 beilum
525 936 667 986 mutuum
680 942 741 1006 pro
761 935 942 1006 argumento
958 941 1100 983 sumens.-
1127 933 1159 982 et
1177 917 1297 1005 partini
1312 917 1405 998 igno-

310 1025 424 1098 rancia,
446 1043 553 1085 rernm
576 1035 737 1103 gestarum
746 1066 760 1096 ,
792 1023 915 1107 partim
943 1023 1050 1103 gratia
1078 1031 1230 1104 corrupto
1253 1017 1404 1094 veritate,

308 1143 347 1184 ac
380 1125 456 1186 totis
478 1123 601 1186 viribus
627 1123 716 1183 velut
742 1122 777 1182 itt
798 1118 918 1204 fabulo
945 1117 1214 1184 comminiscendo
1238 1115 1404 1188 mentiens,

308 1220 428 1283 deinde
443 1220 557 1285 ordine
572 1221 619 1282 ad
635 1220 763 1296 bellum,
792 1215 882 1304 quod
896 1232 1007 1282 nostra
1024 1219 1177 1282 memoria
1196 1229 1308 1280 contra
1323 1214 1404 1276 Can·

308 1334 494 1384 toennensem
513 1321 690 1383 cxcitatum
719 1331 782 1400 cst,
818 1339 1030 1405 progressus,
1065 1333 1131 1381 tum
1151 1316 1217 1379 alia
1240 1315 1404 1400 complura

308 1409 438 1482 crimini
459 1419 516 1480 dot
525 1463 537 1492 ,
566 1421 751 1492 servitutes,
781 1418 915 1492 caedes,
942 1417 1191 1490 trucidationes,
1221 1413 1406 1499 populatio·

308 1539 365 1580 nes
374 1561 388 1593 ,
418 1531 451 1581 ct
474 1539 674 1604 quaecunque
695 1519 846 1581 Romanis
864 1539 923 1602 per
944 1516 983 1580 id
1008 1517 1124 1582 bellum
1149 1517 1295 1578 luctuose
1320 1512 1405 1573 inci·

309 1615 447 1691 derum,
469 1619 521 1679 illi
534 1616 742 1680 adscribens.-
762 1631 829 1679 tum
849 1619 889 1682 ob
916 1637 1065 1681 amorem·
1083 1615 1274 1680 dominandi
1301 1613 1406 1693 impc-

312 1717 465 1799 riolisqce
484 1714 616 1799 fastigii
643 1715 824 1802 cupidinem
849 1717 1009 1781 melorum
1035 1715 1165 1779 illorum
1190 1712 1311 1778 nudam
1341 1709 1406 1770 du·

308 1816 397 1878 misse
419 1817 573 1880 rationem
600 1813 751 1896 affirmat.
794 1817 1003 1880 illudentem
1025 1813 1277 1879 Cantacnzenum
1297 1810 1404 1898 potis-

238 1987 239 1990 ,
310 1918 423 1976 sintum
447 1915 576 1977 vellicat
604 1929 634 1978 ct
657 1917 798 1978 cercius
817 1917 901 1996 urit,
935 1915 1026 2001 quod
1045 1916 1218 1988 mentitur,
1238 1933 1327 1988 eum,
1349 1907 1409 1972 od·

309 2015 371 2076 linc
388 2015 511 2077 vivente
525 2013 736 2089 Andronico,
776 2017 906 2100 imperii
921 2015 1059 2078 Romani
1076 2013 1169 2094 longe
1187 2007 1408 2097 appetentissi-

310 2133 417 2185 mum,
454 2133 525 2176 cuns
546 2112 586 2174 id
601 2115 727 2197 assequi
743 2135 808 2176 non
832 2125 961 2198 posset,
992 2112 1038 2173 nd
1060 2112 1283 2175 metachesin
1301 2120 1408 2169 monte

308 2212 415 2285 Atto,
444 2214 502 2296 qui
529 2213 597 2274 viri
624 2215 727 2274 sancti
761 2225 791 2274 et
817 2235 838 2274 e
857 2211 927 2276 Deo
952 2211 1076 2294 afflati,
1099 2206 1288 2292 futurorum
1310 2227 1408 2292 prae·

307 2311 485 2374 sensionem
501 2311 617 2374 tatere
631 2313 877 2392 indicabantur,
903 2310 1084 2397 profectum
1099 2329 1166 2372 csse
1175 2353 1188 2383 ,
1210 2306 1252 2369 dc
1266 2302 1407 2389 fatoris,

310 2423 343 2472 et
365 2433 407 2474 en
425 2409 472 2474 ad
492 2430 525 2472 se
543 2411 718 2475 Romanam
744 2412 911 2498 imperium
935 2421 1158 2497 perventurum
1186 2420 1269 2470 esset
1278 2451 1291 2482 ,
1328 2423 1407 2490 pcr-

311 2523 533 2573 constaturam
560 2523 617 2576 etc.
662 2513 809 2575 Attamen
832 2513 897 2574 fieri
923 2522 1042 2598 potest,
1070 2522 1107 2572 ut
1119 2511 1270 2592 Gregoras
1284 2505 1324 2566 de
1337 2523 1407 2565 mo·

310 2609 397 2672 ribus
423 2610 592 2674 Andronici
618 2613 769 2698 quaedam
783 2635 846 2675 non
867 2633 992 2697 prorsus
1008 2610 1083 2672 falsa
1097 2609 1231 2686 scribat,
1254 2617 1284 2668 et
1299 2625 1334 2666 ea
1348 2623 1405 2664 no·

309 2719 373 2770 ster
392 2722 446 2770 aut
467 2713 543 2773 tanti
564 2733 627 2776 non
653 2699 791 2776 aestimet
821 2717 946 2796 eiusque
969 2711 1120 2774 iuventuti
1133 2703 1332 2770 condonanda
1345 2723 1405 2784 pu-

310 2817 374 2870 tet:
405 2820 458 2870 out
470 2810 659 2892 dissimulet,
681 2825 712 2874 et
733 2812 765 2875 id
787 2815 937 2875 amicitiae
956 2809 1103 2896 singtiari
1127 2808 1255 2872 fortasse
1276 2804 1404 2882 tribuat,

309 2906 350 2968 de
363 2929 425 2991 quo
448 2910 480 2970 in
503 2909 592 2974 Notis
614 2933 670 2974 suo
695 2912 763 2974 loeo
786 2914 969 2976 videbimus.

396 3009 461 3069 lam
476 3009 515 3083 de
530 3009 723 3090 excellentia,
745 3011 859 3092 fructu,
880 3011 1029 3095 elegantia
1059 3022 1091 3072 et
1110 3007 1296 3074 ornamentis
1309 3003 1405 3064 histo-

311 3108 377 3168 riae
390 3107 483 3170 huius
497 3109 572 3192 quid
596 3131 653 3194 ego
676 3115 748 3174 sotis
763 3112 890 3195 dignum
904 3117 1161 3174 commemorem?
1203 3110 1286 3170 inter
1299 3121 1403 3164 reeen-

311 3207 404 3268 tiores
419 3207 543 3289 quidem
556 3229 661 3272 rerum
676 3213 883 3290 Graecmnm,
905 3233 959 3275 seu
973 3213 1208 3296 Byzantinos-um
1229 3206 1403 3288 scriptores,

311 3315 348 3364 ut
357 3317 428 3368 sunt
440 3307 587 3387 Zonaras,
608 3308 750 3390 Nicetes,
787 3311 966 3392 Cedrenus,
994 3323 1025 3373 et
1038 3312 1111 3392 alii,
1138 3329 1207 3371 meo
1230 3303 1354 3390 quidem
1376 3309 1406 3362 et

312 3404 515 3485 quorumdam
528 3405 607 3468 bene
621 3406 824 3471 litteratorum
839 3409 950 3489 iudicio
962 3410 1013 3471 hie
1027 3412 1141 3491 primos
1152 3419 1254 3470 tenet:
1268 3403 1406 3466 videtur-

312 3525 373 3586 que
393 3504 476 3566 solus
498 3505 658 3589 didicisse,
679 3529 741 3592 quo
760 3520 849 3593 pacto
863 3509 903 3570 ad
920 3507 1042 3570 laudem
1064 3497 1290 3570 accommodate
1302 3511 1406 3564 conte·

312 3603 408 3666 xendo
418 3607 457 3666 sit
466 3605 604 3669 historia.
627 3609 720 3688 Mira,
729 3630 822 3688 nova,
831 3607 979 3689 inaudita,
987 3603 1339 3687 inmitata,occultorum
1348 3598 1407 3659 Dei

313 3703 496 3766 iudiciorum
510 3706 613 3789 plena,
624 3708 763 3792 grandia,
778 3709 909 3772 illustria
920 3707 1017 3770 mtrlta
1026 3707 1077 3770 hic
1087 3713 1293 3768 recensenmr.
1315 3700 1370 3778 Et,
1381 3699 1406 3760 si

313 3802 440 3868 historia
451 3805 540 3868 debet
553 3827 617 3870 esse
626 3809 773 3891 prudens,
786 3820 993 3893 atqucornata
1003 3829 1107 3870 rerum
1117 3802 1287 3887 explicatio,
1297 3811 1406 3864 nemra

313 3903 411 3965 virtus
426 3908 457 3966 in
472 3905 530 3968 hae
543 3907 750 3972 desideratur:
773 3909 941 3993 quaemihi
959 3929 1078 3992 semper
1092 3907 1189 3967 aviro
1202 3901 1403 3973 nobilissimo,

314 4013 344 4062 et
356 4004 476 4086 ingenio
491 4007 741 4072 excellentissimo
754 4012 993 4092 suavissimoque
1001 4001 1313 4088 visaestprossuxisse.
1329 3997 1403 4058 Pru·

314 4099 417 4166 dmin
431 4105 570 4173 militaris
584 4121 675 4194 atque
689 4111 787 4174 civilis
795 4123 859 4174 tam
869 4111 977 4174 emmiu
987 4109 1038 4172 hie
1049 4105 1160 4188 elucet,
1188 4116 1223 4168 ut
1233 4103 1402 4173 civitatum,

1553 4453 1555 4466 i
