3128 4922
561 276 810 362 ¹rimmrruo.
1130 283 1230 368 *svn

125 455 432 544 provinciarumque
443 447 610 532 rectoribus
633 471 668 513 sc
683 447 757 512 belli
768 445 896 512 ducibus
905 447 1052 516 sudorem
1063 435 1232 514 inmoduin

127 555 408 626 commodaturam
421 557 538 634 putea
579 551 659 612 Cum
681 559 783 610 autem
801 551 904 610 virum
923 546 1080 632 politicum
1100 550 1139 611 ad
1153 549 1232 616 bene

120 656 313 742 ¹regendum
334 652 401 714 aliis
422 669 544 733 quoque
556 647 720 711 vantibus
736 645 832 708 nihilo
845 649 946 708 minus
966 651 1147 710 instructum
1167 669 1232 711 esse

128 765 303 841 oporteat,
324 771 365 814 ne
379 771 485 812 earum
502 747 625 831 qiridem
651 745 786 829 exempla
805 747 1045 832 documentaque
1058 731 1234 812 hicfrustro

130 857 295 966 requiras.
340 850 379 911 ln
392 837 502 932 qnibbs
516 845 614 930 qualis
629 845 720 908 fuerit
733 847 958 909 Cantacuzenus
969 847 1234 942 infraostende·

129 977 229 1020 mus.
259 955 293 1014 in
307 969 451 1035 praesens
470 945 586 1032 aliquid
607 946 646 1008 de
660 945 836 1008 Andronico
851 945 1008 1026 dicemus,
1037 969 1148 1030 quem,
1178 950 1234 1032 qui

126 1077 157 1137 'a
171 1055 335 1116 Clemente
349 1051 389 1115 V·
404 1048 546 1134 pontifice
566 1047 697 1110 maximo
718 1048 751 1110 in
772 1057 923 1130 extravag.
938 1047 1169 1128 communibus,
1197 1059 1235 1112 ut

133 1153 366 1222 baereticorum
393 1159 425 1224 et
438 1147 607 1210 schismatis
634 1148 751 1230 antiqui
766 1146 915 1210 fautorem
928 1149 1235 1210 excommunicatione

135 1273 324 1336 pecussum
340 1250 509 1329 existimat,
529 1249 556 1310 is
574 1258 713 1331 tempora
727 1245 806 1310 male
819 1247 993 1330 componit,
1014 1257 1046 1308 et
1065 1233 1235 1328 ἆνιστορη-

136 1352 195 1439 olp
220 1351 381 1414 manifeste
408 1347 536 1410 laborat.
586 1348 648 1426 Qui
671 1349 752 1409 enim
776 1356 850 1408 tunc
878 1344 1067 1429 imperabat,
1100 1353 1131 1406 et
1153 1343 1235 1406 ultra

138 1451 243 1514 adbuc
267 1451 356 1512 annis
377 1447 551 1532 quindecim
572 1457 642 1531 post
655 1446 850 1512 Clementiae
873 1446 937 1508 vita
959 1445 1123 1508 discessum
1137 1446 1235 1530 impe-

139 1552 223 1614 ravit
245 1549 444 1611 Andronicus
462 1548 583 1629 senior,
608 1567 695 1610 sacro
720 1545 774 1634 illo
796 1545 922 1606 fulmine
938 1544 1036 1608 tactus
1056 1553 1111 1613 est.
1150 1545 1235 1628 Ergo

144 1650 178 1711 in
191 1648 374 1712 Andronico
390 1637 511 1724 iunioie
523 1646 688 1708 Christiani
710 1647 901 1732 imperatoris
916 1665 1107 1728 expressum,
1129 1665 1164 1706 ac
1186 1646 1237 1706 vi·
1259 1677 1262 1683 ·

146 1769 220 1810 vura
236 1745 464 1832 quodammodo
486 1745 683 1810 simulacrum
697 1744 747 1808 hic
761 1747 951 1830 proponitur.
993 1745 1051 1808 Est
1070 1745 1171 1824 emm,
1201 1753 1238 1806 ut
1326 1738 1329 1749 '

147 1850 251 1930 paucis
276 1857 308 1909 et
324 1848 500 1909 summatim
521 1867 660 1930 agamus,
681 1845 806 1929 excelsi,
827 1865 884 1908 nec
905 1845 1007 1907 minus
1026 1841 1155 1904 modesti
1169 1843 1237 1904 ani·

150 1948 208 2025 sni,
223 1945 386 2026 beneficus,
407 1943 494 2007 fortis
509 1955 540 2006 st
558 1965 734 2028 generosus,
752 1935 897 2007 adversus
910 1943 989 2004 bene
1001 1952 1151 2004 merentes
1166 1963 1238 2024 gra·

152 2053 214 2124 tus,
234 2043 391 2126 bummus,
411 2044 604 2126 minumum,
626 2042 825 2127 laborumque
843 2041 989 2122 tolerans,
1010 2040 1043 2100 in
1055 2039 1239 2124 ignoscendo

112 2149 114 2152 '
148 2143 250 2226 mitis,
277 2145 466 2226 misericors,
498 2145 581 2227 pacis
594 2141 745 2228 cupidus,
772 2144 807 2206 in
829 2139 1028 2204 consultando
1046 2161 1117 2202 cum
1133 2141 1239 2200 amicis
1315 2213 1318 2220 Δ

146 2239 272 2327 diligens
299 2241 401 2326 (quod
419 2253 525 2304 contra
547 2245 693 2308 mentitur
712 2243 886 2326 Gregoras,
917 2240 992 2302 dnm
1013 2239 1138 2302 consilia
1154 2236 1241 2300 nulla

143 2339 322 2424 admisisse,
353 2352 384 2404 et
401 2342 563 2425 imperimn
580 2341 744 2427 neglexisse
761 2339 916 2421 autumat)
935 2337 974 2400 ab
995 2337 1065 2400 odio
1084 2341 1117 2399 in
1131 2357 1239 2422 quem·

144 2461 239 2524 qnam
262 2439 456 2526 niscipiendo
477 2439 611 2524 alienus,
637 2443 784 2526 pecuniae
796 2438 950 2522 liberalis,
971 2437 1148 2500 aedificandi
1172 2448 1239 2522 stu-

143 2539 269 2622 diosus,
302 2561 375 2624 erga
398 2541 519 2621 Deum,
552 2540 694 2622 caebtes,
722 2540 914 2618 sacerdotes,
948 2559 1041 2600 aviam
1061 2540 1139 2598 mire
1159 2539 1240 2619 pius.

143 2637 255 2700 insum
270 2639 303 2701 in
318 2638 367 2701 bis
382 2639 469 2702 libais
482 2633 606 2724 ins'uper
620 2637 681 2705 alia
694 2641 728 2702 in
742 2638 809 2702 aliis
820 2637 1048 2723 praeclarorum
1057 2635 1240 2716 facinorum,

143 2750 174 2800 et
187 2737 289 2822 (quod
304 2738 556 2802 dissimulandum
580 2760 643 2801 non
658 2740 718 2822 eit)
733 2742 824 2803 etiam
842 2739 1007 2823 insignium
1020 2738 1167 2800 vitiorum
1187 2757 1240 2820 ει·

143 2837 264 2921 ampla:
296 2857 428 2921 qnorum
444 2849 481 2901 ut
493 2835 547 2900 illa
567 2838 733 2920 imitanda,
755 2839 798 2900 sic
813 2840 871 2900 ista
893 2836 1035 2900 evitanda
1053 2836 1142 2898 nobis
1159 2844 1240 2920 sunt.

143 2938 262 3000 Notum
285 2949 331 3001 est
354 2959 487 3022 namque
508 2936 587 2999 illud
607 2938 763 3000 Romanae
789 2936 934 2998 historiae
959 2935 1115 3018 principis.
1165 2931 1240 2996 Hoc

144 3037 233 3100 illud
251 3050 298 3100 est
311 3039 483 3124 praecipuo
504 3036 541 3097 in
556 3023 734 3117 cognitione
754 3055 862 3097 rerum
886 3035 1012 3098 salubre
1041 3051 1078 3094 ae
1095 3027 1238 3113 frugife-

143 3159 238 3214 rwn,
269 3139 373 3202 omnis
400 3152 430 3200 te
457 3134 599 3218 exempli
622 3134 810 3198 documenta
836 3133 869 3194 in
888 3130 1009 3222 illustri
1029 3129 1140 3215 posita
1166 3149 1239 3190 mo·

144 3251 296 3300 numento
314 3236 453 3311 intueri,
475 3231 560 3296 unde
584 3233 665 3306 siti,
686 3243 818 3316 tuaeque
840 3229 1035 3315 reipublicae
1060 3225 1149 3314 quod
1161 3227 1240 3314 ,imi-

143 3348 211 3400 tere
234 3323 364 3421 copias}
393 3333 477 3398 unde
491 3331 630 3417 foedum
646 3333 793 3420 inceptu,
814 3329 952 3414 foedum
970 3330 1062 3392 exitu
1084 3325 1174 3414 quod
1189 3327 1240 3400 vi·

137 3446 201 3510 tes.
243 3435 346 3498 Habet
364 3434 415 3496 hic
429 3433 503 3514 dax,
524 3431 617 3494 babet
637 3432 744 3512 miles,
773 3429 866 3494 habet
878 3431 1016 3513 privatus
1030 3430 1125 3508 civis,
1146 3426 1240 3507 habet
1285 3471 1290 3484 s

142 3535 352 3617 mgisuatus,
371 3533 487 3596 babent
504 3534 595 3614 sacri,
612 3531 727 3594 habent
750 3529 882 3613 profani,
904 3527 1019 3591 habent
1038 3528 1162 3604 summi,
1180 3526 1238 3612 ha-

142 3633 220 3694 bent
241 3619 348 3714 infimi,
377 3631 491 3695 habent
510 3631 590 3710 viri,
618 3629 732 3692 babent
751 3628 914 3710 mulieres,
948 3624 1032 3712 quod
1051 3624 1102 3688 vel
1121 3620 1239 3708 fugiant

145 3732 199 3794 vel
218 3744 393 3816 sequantur.
446 3731 555 3792 Insunt
576 3731 728 3792 orationes
748 3729 968 3790 creberrimae:
1000 3748 1077 3810 quas
1096 3745 1166 3786 cum
1186 3722 1239 3782 hic

144 3841 255 3892 auctor
273 3833 402 3896 directas
417 3829 507 3894 valde
525 3839 606 3892 amet
626 3831 715 3912 (sunt
735 3829 816 3889 enim
836 3829 1031 3912 speciosiores
1063 3835 1094 3887 et
1115 3820 1238 3907 gravi&

143 3951 197 3991 res
209 3929 221 4012 )
233 3917 286 3994 nos
302 3933 457 3996 interdum
471 3933 629 3998 brevitatis
643 3939 762 4020 gratia,
784 3945 816 3997 et
836 3935 877 3996 ad
898 3931 1055 3996 vitandam
1077 3950 1113 3991 ex
1130 3925 1237 4002 simili,-

142 4028 253 4092 tudine
273 4035 461 4120 satietatem,
498 4034 537 4096 ad
555 4034 712 4119 obliquas,
746 4055 831 4096 more
855 4035 1036 4116 Caesariano
1057 4027 1238 4112 redegimus.
1273 4090 1275 4095 .

79 4221 83 4234 ¹
135 4125 210 4217 ¹Nec
229 4151 359 4222 possm
380 4133 419 4196 de
437 4136 515 4223 'istis
532 4137 721 4204 orationibus
749 4135 917 4224 quidquam
937 4131 1046 4195 melius
1077 4152 1112 4206 ac
1134 4127 1238 4208 veriqs

215 4255 442 4317 Camaouaenus.
907 4221 913 4238 ’
1023 4252 1039 4310 l
