<?xml version="1.0" encoding="UTF-8"?>
<!DOCTYPE html PUBLIC "-//W3C//DTD XHTML 1.0 Transitional//EN"
    "http://www.w3.org/TR/xhtml1/DTD/xhtml1-transitional.dtd">
<html xmlns="http://www.w3.org/1999/xhtml" xml:lang="en" lang="en">
 <head>
  <title>
</title>
<meta http-equiv="Content-Type" content="text/html;charset=utf-8" />
  <meta name='ocr-system' content='tesseract 3.04.00' />
  <meta name='ocr-capabilities' content='ocr_page ocr_carea ocr_par ocr_line ocrx_word'/>
</head>
<body>
  <div class='ocr_page' id='page_1' title='image "./ioanniscantacuz01niebgoog_0553.png"; bbox 0 0 3082 4940; ppageno 0'>
   <div class='ocr_carea' id='block_1_1' title="bbox 335 227 1033 329">
    <p class='ocr_par' dir='ltr' id='par_1_1' title="bbox 335 227 1033 329">
     <span class='ocr_line' id='line_1_1' title="bbox 335 227 1033 329; baseline 0.007 -18"><span class='ocrx_word' id='word_1_1' title='bbox 335 227 420 329; x_wconf 72' lang='lat' dir='ltr'><strong>bod</strong></span> <span class='ocrx_word' id='word_1_2' title='bbox 750 246 1033 322; x_wconf 76' lang='lat' dir='ltr'><strong>eamtcuzsm</strong></span> 
     </span>
    </p>
   </div>
   <div class='ocr_carea' id='block_1_2' title="bbox 183 401 1527 2892">
    <p class='ocr_par' dir='ltr' id='par_1_2' title="bbox 183 401 1527 2892">
     <span class='ocr_line' id='line_1_2' title="bbox 183 401 1418 497; baseline 0.003 -25"><span class='ocrx_word' id='word_1_3' title='bbox 183 411 452 497; x_wconf 70' lang='grc' dir='ltr'><strong><em>Δ.ῼ.ι336ζκδστγ,</em></strong></span> <span class='ocrx_word' id='word_1_4' title='bbox 483 407 535 474; x_wconf 84' lang='grc' dir='ltr'><strong><em>τόν</em></strong></span> <span class='ocrx_word' id='word_1_5' title='bbox 553 430 588 474; x_wconf 86' lang='grc' dir='ltr'><strong>τε</strong></span> <span class='ocrx_word' id='word_1_6' title='bbox 608 405 876 492; x_wconf 72' lang='grc' dir='ltr'><strong><em>πρωτοστροίτορα</em></strong></span> <span class='ocrx_word' id='word_1_7' title='bbox 895 401 1077 492; x_wconf 80' lang='grc' dir='ltr'><strong><em>Συναδήνδν</em></strong></span> <span class='ocrx_word' id='word_1_8' title='bbox 1100 405 1155 471; x_wconf 80' lang='grc' dir='ltr'><strong><em>ἐπί</em></strong></span> <span class='ocrx_word' id='word_1_9' title='bbox 1179 405 1277 474; x_wconf 75' lang='grc' dir='ltr'><strong><em>πᾶσιν</em></strong></span> <span class='ocrx_word' id='word_1_10' title='bbox 1297 407 1418 476; x_wconf 64' lang='lat' dir='ltr'><strong>enatet</strong></span> 
     </span>
     <span class='ocr_line' id='line_1_3' title="bbox 285 498 1527 595; baseline -0.006 -21"><span class='ocrx_word' id='word_1_11' title='bbox 285 521 288 534; x_wconf 66' lang='lat'><em>¹</em></span> <span class='ocrx_word' id='word_1_12' title='bbox 331 515 387 590; x_wconf 78' lang='grc' dir='ltr'><strong>ξας</strong></span> <span class='ocrx_word' id='word_1_13' title='bbox 408 507 584 594; x_wconf 75' lang='grc' dir='ltr'><strong><em>στρατηγὸν</em></strong></span> <span class='ocrx_word' id='word_1_14' title='bbox 608 507 663 586; x_wconf 83' lang='grc' dir='ltr'><strong>καί</strong></span> <span class='ocrx_word' id='word_1_15' title='bbox 694 498 794 570; x_wconf 74' lang='grc' dir='ltr'><strong><em>τᾶλλα</em></strong></span> <span class='ocrx_word' id='word_1_16' title='bbox 816 501 920 569; x_wconf 84' lang='grc' dir='ltr'><strong><em>πάντα</em></strong></span> <span class='ocrx_word' id='word_1_17' title='bbox 950 500 993 580; x_wconf 76' lang='grc' dir='ltr'><strong><em>ὥς</em></strong></span> <span class='ocrx_word' id='word_1_18' title='bbox 1012 499 1051 572; x_wconf 84' lang='grc' dir='ltr'><strong>δν</strong></span> <span class='ocrx_word' id='word_1_19' title='bbox 1071 504 1157 595; x_wconf 69' lang='grc' dir='ltr'><strong><em>αὐτῷ</em></strong></span> <span class='ocrx_word' id='word_1_20' title='bbox 1176 506 1277 572; x_wconf 84' lang='grc' dir='ltr'><strong><em>ε’δδκει</em></strong></span> <span class='ocrx_word' id='word_1_21' title='bbox 1307 510 1419 594; x_wconf 67' lang='lat' dir='ltr'><strong>timeq-</strong></span> <span class='ocrx_word' id='word_1_22' title='bbox 1526 547 1527 566; x_wconf 51' lang='lat' dir='ltr'><strong>r</strong></span> 
     </span>
     <span class='ocr_line' id='line_1_4' title="bbox 328 597 1527 694; baseline -0.003 -20"><span class='ocrx_word' id='word_1_23' title='bbox 328 609 474 690; x_wconf 81' lang='grc' dir='ltr'><strong><em>σάμενος,</em></strong></span> <span class='ocrx_word' id='word_1_24' title='bbox 497 600 579 694; x_wconf 73' lang='grc' dir='ltr'><strong><em>δρας</em></strong></span> <span class='ocrx_word' id='word_1_25' title='bbox 600 608 721 672; x_wconf 76' lang='grc' dir='ltr'><strong><em>ε’κεῑδεν</em></strong></span> <span class='ocrx_word' id='word_1_26' title='bbox 738 597 837 690; x_wconf 75' lang='grc' dir='ltr'><strong><em>ἦλθεν</em></strong></span> <span class='ocrx_word' id='word_1_27' title='bbox 856 606 901 680; x_wconf 84' lang='grc' dir='ltr'><strong>είς</strong></span> <span class='ocrx_word' id='word_1_28' title='bbox 920 603 1171 689; x_wconf 73' lang='grc' dir='ltr'><strong><em>Θεσσαλονίκην,</em></strong></span> <span class='ocrx_word' id='word_1_29' title='bbox 1211 610 1337 692; x_wconf 60' lang='lat' dir='ltr'><strong>gurim</strong></span> <span class='ocrx_word' id='word_1_30' title='bbox 1356 603 1419 690; x_wconf 71' lang='lat' dir='ltr'><strong>ripe</strong></span> <span class='ocrx_word' id='word_1_31' title='bbox 1526 621 1527 646; x_wconf 65' lang='lat'>¹</span> 
     </span>
     <span class='ocr_line' id='line_1_5' title="bbox 328 697 1419 802; baseline -0.002 -30"><span class='ocrx_word' id='word_1_32' title='bbox 328 706 384 772; x_wconf 85' lang='grc' dir='ltr'><strong>καί</strong></span> <span class='ocrx_word' id='word_1_33' title='bbox 400 709 465 798; x_wconf 70' lang='grc' dir='ltr'><strong><em>θεῷ</em></strong></span> <span class='ocrx_word' id='word_1_34' title='bbox 482 709 539 802; x_wconf 80' lang='grc' dir='ltr'><strong>τής</strong></span> <span class='ocrx_word' id='word_1_35' title='bbox 560 705 740 792; x_wconf 75' lang='grc' dir='ltr'><strong><em>εὐεργεσίας</em></strong></span> <span class='ocrx_word' id='word_1_36' title='bbox 752 701 886 790; x_wconf 79' lang='grc' dir='ltr'><strong><em>χάριτας</em></strong></span> <span class='ocrx_word' id='word_1_37' title='bbox 908 698 1077 787; x_wconf 71' lang='grc' dir='ltr'><strong><em>ὁμολογῶν,</em></strong></span> <span class='ocrx_word' id='word_1_38' title='bbox 1093 697 1143 770; x_wconf 84' lang='grc' dir='ltr'><strong><em>ὅτι</em></strong></span> <span class='ocrx_word' id='word_1_39' title='bbox 1163 701 1183 770; x_wconf 89' lang='grc' dir='ltr'><strong><em>δ</em></strong></span> <span class='ocrx_word' id='word_1_40' title='bbox 1201 711 1329 784; x_wconf 78' lang='grc' dir='ltr'><strong><em>πολλοῖς</em></strong></span> <span class='ocrx_word' id='word_1_41' title='bbox 1348 706 1419 772; x_wconf 78' lang='grc' dir='ltr'><strong><em>δια-</em></strong></span> 
     </span>
     <span class='ocr_line' id='line_1_6' title="bbox 296 803 1430 892; baseline -0.003 -19"><span class='ocrx_word' id='word_1_42' title='bbox 296 805 456 890; x_wconf 65' lang='grc' dir='ltr'><strong><em>υλοίμασι</em></strong></span> <span class='ocrx_word' id='word_1_43' title='bbox 470 809 525 888; x_wconf 81' lang='grc' dir='ltr'><strong>καί</strong></span> <span class='ocrx_word' id='word_1_44' title='bbox 540 804 643 882; x_wconf 85' lang='grc' dir='ltr'><strong><em>πόνοις</em></strong></span> <span class='ocrx_word' id='word_1_45' title='bbox 666 805 701 870; x_wconf 75' lang='grc' dir='ltr'><strong><em>ἐκ</em></strong></span> <span class='ocrx_word' id='word_1_46' title='bbox 717 806 781 868; x_wconf 76' lang='grc' dir='ltr'><strong><em>τῶν</em></strong></span> <span class='ocrx_word' id='word_1_47' title='bbox 799 803 942 879; x_wconf 76' lang='grc' dir='ltr'><strong><em>Ἀλεξίου</em></strong></span> <span class='ocrx_word' id='word_1_48' title='bbox 959 804 1019 866; x_wconf 73' lang='grc' dir='ltr'><strong><em>τοῦ</em></strong></span> <span class='ocrx_word' id='word_1_49' title='bbox 1041 803 1194 888; x_wconf 74' lang='grc' dir='ltr'><strong><em>Ἀγγέλσυ</em></strong></span> <span class='ocrx_word' id='word_1_50' title='bbox 1219 803 1347 892; x_wconf 83' lang='grc' dir='ltr'><strong><em>χρόνων</em></strong></span> <span class='ocrx_word' id='word_1_51' title='bbox 1367 807 1430 890; x_wconf 75' lang='grc' dir='ltr'><strong><em>τῆςς</em></strong></span> 
     </span>
     <span class='ocr_line' id='line_1_7' title="bbox 323 900 1418 990; baseline -0.004 -16"><span class='ocrx_word' id='word_1_52' title='bbox 323 904 498 990; x_wconf 84' lang='grc' dir='ltr'><strong><em>Ῥωμαίων</em></strong></span> <span class='ocrx_word' id='word_1_53' title='bbox 523 905 709 990; x_wconf 70' lang='grc' dir='ltr'><strong><em>ἀποτμηθὲν</em></strong></span> <span class='ocrx_word' id='word_1_54' title='bbox 736 900 904 990; x_wconf 76' lang='grc' dir='ltr'><strong><em>ἡγεμονίας</em></strong></span> <span class='ocrx_word' id='word_1_55' title='bbox 926 901 956 974; x_wconf 74' lang='grc' dir='ltr'><strong>οἱ</strong></span> <span class='ocrx_word' id='word_1_56' title='bbox 977 904 1089 969; x_wconf 78' lang='grc' dir='ltr'><strong><em>τούτου</em></strong></span> <span class='ocrx_word' id='word_1_57' title='bbox 1113 901 1261 990; x_wconf 84' lang='grc' dir='ltr'><strong><em>πρόγονοι</em></strong></span> <span class='ocrx_word' id='word_1_58' title='bbox 1279 909 1418 988; x_wconf 78' lang='grc' dir='ltr'><strong><em>βασιλεῖς</em></strong></span> 
     </span>
     <span class='ocr_line' id='line_1_8' title="bbox 327 995 1420 1092; baseline -0.002 -20"><span class='ocrx_word' id='word_1_59' title='bbox 327 1005 562 1074; x_wconf 67' lang='grc' dir='ltr'><strong><em>ἀνασώσασθαι</em></strong></span> <span class='ocrx_word' id='word_1_60' title='bbox 594 1004 652 1070; x_wconf 78' lang='lat' dir='ltr'><strong>osis</strong></span> <span class='ocrx_word' id='word_1_61' title='bbox 685 1001 842 1088; x_wconf 83' lang='grc' dir='ltr'><strong><em>ἴσχυσαν,</em></strong></span> <span class='ocrx_word' id='word_1_62' title='bbox 877 1001 977 1092; x_wconf 75' lang='grc' dir='ltr'><strong><em>τούτῳ</em></strong></span> <span class='ocrx_word' id='word_1_63' title='bbox 1001 1007 1059 1070; x_wconf 77' lang='grc' dir='ltr'><strong>νῦν</strong></span> <span class='ocrx_word' id='word_1_64' title='bbox 1088 995 1165 1070; x_wconf 72' lang='grc' dir='ltr'><strong><em>ἄνευ</em></strong></span> <span class='ocrx_word' id='word_1_65' title='bbox 1189 1005 1340 1087; x_wconf 79' lang='grc' dir='ltr'><strong><em>πολέμων</em></strong></span> <span class='ocrx_word' id='word_1_66' title='bbox 1368 1007 1420 1070; x_wconf 80' lang='grc' dir='ltr'><strong>καί</strong></span> 
     </span>
     <span class='ocr_line' id='line_1_9' title="bbox 326 1100 1420 1194; baseline -0.004 -22"><span class='ocrx_word' id='word_1_67' title='bbox 326 1106 480 1172; x_wconf 76' lang='grc' dir='ltr'><strong><em>κινδύνων</em></strong></span> <span class='ocrx_word' id='word_1_68' title='bbox 510 1107 651 1194; x_wconf 78' lang='grc' dir='ltr'><strong><em>παρέσχε</em></strong></span> <span class='ocrx_word' id='word_1_69' title='bbox 682 1104 906 1190; x_wconf 70' lang='grc' dir='ltr'><strong><em>κατορθῶσαι.</em></strong></span> <span class='ocrx_word' id='word_1_70' title='bbox 948 1100 1090 1188; x_wconf 84' lang='grc' dir='ltr'><strong><em>Μιχαήλ·</em></strong></span> <span class='ocrx_word' id='word_1_71' title='bbox 1120 1127 1156 1170; x_wconf 86' lang='grc' dir='ltr'><strong>τε</strong></span> <span class='ocrx_word' id='word_1_72' title='bbox 1173 1101 1233 1190; x_wconf 80' lang='grc' dir='ltr'><strong>γὰρ</strong></span> <span class='ocrx_word' id='word_1_73' title='bbox 1255 1101 1274 1168; x_wconf 81' lang='grc' dir='ltr'><strong><em>δ</em></strong></span> <span class='ocrx_word' id='word_1_74' title='bbox 1298 1105 1420 1191; x_wconf 74' lang='grc' dir='ltr'><strong><em>πρῶτος</em></strong></span> 
     </span>
     <span class='ocr_line' id='line_1_10' title="bbox 327 1185 1420 1293; baseline -0.002 -21"><span class='ocrx_word' id='word_1_75' title='bbox 327 1185 612 1290; x_wconf 78' lang='grc' dir='ltr'><strong><em>ἐιίΠαλαιολδγων</em></strong></span> <span class='ocrx_word' id='word_1_76' title='bbox 638 1195 738 1293; x_wconf 68' lang='grc' dir='ltr'><strong><em>ἄρξας</em></strong></span> <span class='ocrx_word' id='word_1_77' title='bbox 760 1200 877 1288; x_wconf 84' lang='grc' dir='ltr'><strong><em>πολλήν</em></strong></span> <span class='ocrx_word' id='word_1_78' title='bbox 902 1205 1078 1280; x_wconf 71' lang='grc' dir='ltr'><strong><em>ἐνεδείξατο</em></strong></span> <span class='ocrx_word' id='word_1_79' title='bbox 1102 1201 1242 1288; x_wconf 81' lang='grc' dir='ltr'><strong><em>σπουδήν</em></strong></span> <span class='ocrx_word' id='word_1_80' title='bbox 1263 1197 1420 1288; x_wconf 73' lang='grc' dir='ltr'><strong><em>Ἀκαρνα-</em></strong></span> 
     </span>
     <span class='ocr_line' id='line_1_11' title="bbox 326 1299 1454 1389; baseline 0 -19"><span class='ocrx_word' id='word_1_81' title='bbox 326 1307 398 1382; x_wconf 87' lang='grc' dir='ltr'><strong><em>νίας</em></strong></span> <span class='ocrx_word' id='word_1_82' title='bbox 420 1307 511 1372; x_wconf 68' lang='lat' dir='ltr'><strong>trena</strong></span> <span class='ocrx_word' id='word_1_83' title='bbox 530 1303 584 1370; x_wconf 86' lang='grc' dir='ltr'><strong>καί</strong></span> <span class='ocrx_word' id='word_1_84' title='bbox 610 1306 798 1384; x_wconf 83' lang='grc' dir='ltr'><strong><em>Θετταλίας,</em></strong></span> <span class='ocrx_word' id='word_1_85' title='bbox 831 1303 887 1368; x_wconf 79' lang='grc' dir='ltr'><strong>καί</strong></span> <span class='ocrx_word' id='word_1_86' title='bbox 904 1300 1058 1389; x_wconf 83' lang='grc' dir='ltr'><strong><em>οτρατιδν</em></strong></span> <span class='ocrx_word' id='word_1_87' title='bbox 1080 1299 1224 1370; x_wconf 81' lang='grc' dir='ltr'><strong><em>α’ποδλεσε</em></strong></span> <span class='ocrx_word' id='word_1_88' title='bbox 1243 1300 1366 1387; x_wconf 78' lang='grc' dir='ltr'><strong><em>πολλήν</em></strong></span> <span class='ocrx_word' id='word_1_89' title='bbox 1387 1326 1454 1370; x_wconf 82' lang='grc' dir='ltr'><strong><em>τειο</em></strong></span> 
     </span>
     <span class='ocr_line' id='line_1_12' title="bbox 325 1395 1422 1490; baseline -0.003 -20"><span class='ocrx_word' id='word_1_90' title='bbox 325 1409 383 1483; x_wconf 69' lang='grc' dir='ltr'><strong>καί</strong></span> <span class='ocrx_word' id='word_1_91' title='bbox 403 1401 530 1490; x_wconf 73' lang='grc' dir='ltr'><strong><em>ἀγαθήν</em></strong></span> <span class='ocrx_word' id='word_1_92' title='bbox 554 1404 702 1482; x_wconf 79' lang='grc' dir='ltr'><strong><em>πολλάκις</em></strong></span> <span class='ocrx_word' id='word_1_93' title='bbox 730 1401 785 1472; x_wconf 83' lang='grc' dir='ltr'><strong>καί</strong></span> <span class='ocrx_word' id='word_1_94' title='bbox 799 1400 1006 1485; x_wconf 74' lang='grc' dir='ltr'><strong><em>θαυμασίους</em></strong></span> <span class='ocrx_word' id='word_1_95' title='bbox 1022 1401 1221 1488; x_wconf 73' lang='grc' dir='ltr'><strong><em>στρατήγοδς</em></strong></span> <span class='ocrx_word' id='word_1_96' title='bbox 1247 1395 1422 1488; x_wconf 79' lang='grc' dir='ltr'><strong><em>Ἀκαρνδσι</em></strong></span> 
     </span>
     <span class='ocr_line' id='line_1_13' title="bbox 324 1495 1419 1588; baseline -0.004 -18"><span class='ocrx_word' id='word_1_97' title='bbox 324 1507 380 1570; x_wconf 85' lang='grc' dir='ltr'><strong>καί</strong></span> <span class='ocrx_word' id='word_1_98' title='bbox 398 1506 568 1582; x_wconf 82' lang='grc' dir='ltr'><strong><em>Θετταλοῖς</em></strong></span> <span class='ocrx_word' id='word_1_99' title='bbox 585 1505 747 1586; x_wconf 76' lang='grc' dir='ltr'><strong><em>πολεμῶν·</em></strong></span> <span class='ocrx_word' id='word_1_100' title='bbox 789 1499 844 1566; x_wconf 85' lang='grc' dir='ltr'><strong>καί</strong></span> <span class='ocrx_word' id='word_1_101' title='bbox 867 1507 937 1583; x_wconf 82' lang='grc' dir='ltr'><strong><em>μετ’</em></strong></span> <span class='ocrx_word' id='word_1_102' title='bbox 966 1495 1064 1567; x_wconf 82' lang='grc' dir='ltr'><strong><em>ου’τδν</em></strong></span> <span class='ocrx_word' id='word_1_103' title='bbox 1086 1496 1320 1588; x_wconf 82' lang='grc' dir='ltr'><strong><em>Ἀνδρδνεκοςδ</em></strong></span> <span class='ocrx_word' id='word_1_104' title='bbox 1342 1498 1419 1578; x_wconf 73' lang='grc' dir='ltr'><strong><em>υἱός.</em></strong></span> 
     </span>
     <span class='ocr_line' id='line_1_14' title="bbox 324 1593 1417 1692; baseline -0.004 -24"><span class='ocrx_word' id='word_1_105' title='bbox 324 1603 426 1692; x_wconf 79' lang='grc' dir='ltr'><strong><em>τοδτῳ</em></strong></span> <span class='ocrx_word' id='word_1_106' title='bbox 453 1605 488 1667; x_wconf 82' lang='grc' dir='ltr'><strong>δὲ</strong></span> <span class='ocrx_word' id='word_1_107' title='bbox 514 1603 605 1688; x_wconf 84' lang='grc' dir='ltr'><strong><em>δλίγα</em></strong></span> <span class='ocrx_word' id='word_1_108' title='bbox 631 1601 947 1690; x_wconf 77' lang='grc' dir='ltr'><strong><em>πραγματευσαμένῳ</em></strong></span> <span class='ocrx_word' id='word_1_109' title='bbox 974 1598 1030 1665; x_wconf 81' lang='grc' dir='ltr'><strong>καὶ</strong></span> <span class='ocrx_word' id='word_1_110' title='bbox 1056 1593 1149 1666; x_wconf 74' lang='lat' dir='ltr'><strong>otidis</strong></span> <span class='ocrx_word' id='word_1_111' title='bbox 1171 1600 1347 1667; x_wconf 71' lang='grc' dir='ltr'><strong><em>ὑποστάντι</em></strong></span> <span class='ocrx_word' id='word_1_112' title='bbox 1369 1598 1417 1665; x_wconf 77' lang='grc' dir='ltr'><strong>διδ</strong></span> 
     </span>
     <span class='ocr_line' id='line_1_15' title="bbox 290 1691 1421 1788; baseline -0.002 -22"><span class='ocrx_word' id='word_1_113' title='bbox 290 1757 293 1766; x_wconf 80' lang='grc'><strong><em>,</em></strong></span> <span class='ocrx_word' id='word_1_114' title='bbox 323 1699 378 1768; x_wconf 89' lang='grc' dir='ltr'><strong><em>τδν</em></strong></span> <span class='ocrx_word' id='word_1_115' title='bbox 396 1699 531 1784; x_wconf 84' lang='grc' dir='ltr'><strong><em>πόλεμον</em></strong></span> <span class='ocrx_word' id='word_1_116' title='bbox 546 1691 730 1785; x_wconf 50' lang='lat' dir='ltr'><strong>saevusne</strong></span> <span class='ocrx_word' id='word_1_117' title='bbox 749 1702 848 1784; x_wconf 84' lang='grc' dir='ltr'><strong><em>μόνον</em></strong></span> <span class='ocrx_word' id='word_1_118' title='bbox 871 1696 1101 1788; x_wconf 83' lang='grc' dir='ltr'><strong><em>Ἀκαρνανίαν,</em></strong></span> <span class='ocrx_word' id='word_1_119' title='bbox 1127 1692 1208 1766; x_wconf 64' lang='lat' dir='ltr'><strong>itta</strong></span> <span class='ocrx_word' id='word_1_120' title='bbox 1225 1699 1283 1765; x_wconf 81' lang='grc' dir='ltr'><strong>καί</strong></span> <span class='ocrx_word' id='word_1_121' title='bbox 1302 1703 1421 1768; x_wconf 87' lang='grc' dir='ltr'><strong><em>Θεττα-</em></strong></span> 
     </span>
     <span class='ocr_line' id='line_1_16' title="bbox 323 1791 1457 1889; baseline 0.003 -23"><span class='ocrx_word' id='word_1_122' title='bbox 323 1799 396 1866; x_wconf 85' lang='grc' dir='ltr'><strong><em>λίαν</em></strong></span> <span class='ocrx_word' id='word_1_123' title='bbox 410 1801 569 1886; x_wconf 61' lang='grc' dir='ltr'><strong><em>ἔξεγένετο,</em></strong></span> <span class='ocrx_word' id='word_1_124' title='bbox 585 1791 854 1889; x_wconf 59' lang='grc' dir='ltr'><strong><em>παραστήσασθαι</em></strong></span> <span class='ocrx_word' id='word_1_125' title='bbox 867 1803 923 1864; x_wconf 82' lang='grc' dir='ltr'><strong>καί</strong></span> <span class='ocrx_word' id='word_1_126' title='bbox 937 1803 978 1888; x_wconf 80' lang='grc' dir='ltr'><strong><em>τῇ</em></strong></span> <span class='ocrx_word' id='word_1_127' title='bbox 997 1801 1250 1887; x_wconf 79' lang='grc' dir='ltr'><strong><em>λοιπῇσυνδψαι</em></strong></span> <span class='ocrx_word' id='word_1_128' title='bbox 1271 1799 1457 1889; x_wconf 70' lang='grc' dir='ltr'><strong><em>ἧγεμονίριδ</em></strong></span> 
     </span>
     <span class='ocr_line' id='line_1_17' title="bbox 325 1894 1527 1998; baseline -0.001 -34"><span class='ocrx_word' id='word_1_129' title='bbox 325 1903 367 1988; x_wconf 79' lang='grc' dir='ltr'><strong><em>τῇ</em></strong></span> <span class='ocrx_word' id='word_1_130' title='bbox 385 1900 559 1983; x_wconf 82' lang='grc' dir='ltr'><strong><em>Ῥωμαίων</em></strong></span> <span class='ocrx_word' id='word_1_131' title='bbox 579 1905 630 1968; x_wconf 76' lang='grc' dir='ltr'><strong>ἐπ’</strong></span> <span class='ocrx_word' id='word_1_132' title='bbox 650 1900 734 1966; x_wconf 83' lang='grc' dir='ltr'><strong><em>ἔτεσι</em></strong></span> <span class='ocrx_word' id='word_1_133' title='bbox 752 1906 878 1976; x_wconf 82' lang='grc' dir='ltr'><strong><em>πολλοῖς</em></strong></span> <span class='ocrx_word' id='word_1_134' title='bbox 894 1900 1135 1985; x_wconf 79' lang='grc' dir='ltr'><strong><em>οἷποτμήδέντα.</em></strong></span> <span class='ocrx_word' id='word_1_135' title='bbox 1178 1903 1302 1968; x_wconf 72' lang='grc' dir='ltr'><strong><em>ἐκεῖθεν</em></strong></span> <span class='ocrx_word' id='word_1_136' title='bbox 1326 1903 1362 1966; x_wconf 82' lang='grc' dir='ltr'><strong>δὲ</strong></span> <span class='ocrx_word' id='word_1_137' title='bbox 1381 1894 1419 1964; x_wconf 79' lang='grc' dir='ltr'><strong>οδ</strong></span> <span class='ocrx_word' id='word_1_138' title='bbox 1526 1923 1527 1998; x_wconf 40' lang='grc' dir='ltr'><strong><em>ρ</em></strong></span> 
     </span>
     <span class='ocr_line' id='line_1_18' title="bbox 234 1992 1426 2088; baseline -0.001 -24"><span class='ocrx_word' id='word_1_139' title='bbox 234 1998 408 2080; x_wconf 63' lang='lat' dir='ltr'><strong>monstri</strong></span> <span class='ocrx_word' id='word_1_140' title='bbox 436 1995 570 2086; x_wconf 73' lang='grc' dir='ltr'><strong><em>ὕστερον</em></strong></span> <span class='ocrx_word' id='word_1_141' title='bbox 597 1992 669 2088; x_wconf 83' lang='grc' dir='ltr'><strong><em>ἧκεν</em></strong></span> <span class='ocrx_word' id='word_1_142' title='bbox 690 2002 736 2076; x_wconf 86' lang='grc' dir='ltr'><strong>εἰς</strong></span> <span class='ocrx_word' id='word_1_143' title='bbox 756 1999 1044 2086; x_wconf 82' lang='grc' dir='ltr'><strong><em>Ἀδριανοδπολιν.</em></strong></span> <span class='ocrx_word' id='word_1_144' title='bbox 1075 1998 1277 2087; x_wconf 86' lang='grc' dir='ltr'><strong><em>διατρίβοντί</em></strong></span> <span class='ocrx_word' id='word_1_145' title='bbox 1300 2023 1336 2063; x_wconf 83' lang='grc' dir='ltr'><strong>τε</strong></span> <span class='ocrx_word' id='word_1_146' title='bbox 1357 1999 1426 2063; x_wconf 74' lang='grc' dir='ltr'><strong><em>ἐκεῖ</em></strong></span> 
     </span>
     <span class='ocr_line' id='line_1_19' title="bbox 248 2085 1527 2186; baseline -0.001 -23"><span class='ocrx_word' id='word_1_147' title='bbox 248 2167 249 2178; x_wconf 16' lang='grc' dir='ltr'><strong><em>ρ</em></strong></span> <span class='ocrx_word' id='word_1_148' title='bbox 326 2095 426 2164; x_wconf 79' lang='grc' dir='ltr'><strong><em>ὁτῶν</em></strong></span> <span class='ocrx_word' id='word_1_149' title='bbox 446 2103 576 2167; x_wconf 71' lang='grc' dir='ltr'><strong><em>Μυσῶν</em></strong></span> <span class='ocrx_word' id='word_1_150' title='bbox 611 2097 761 2184; x_wconf 84' lang='grc' dir='ltr'><strong><em>βασιλεδς</em></strong></span> <span class='ocrx_word' id='word_1_151' title='bbox 786 2099 996 2186; x_wconf 76' lang='grc' dir='ltr'><strong><em>Ἀλέξανδρος</em></strong></span> <span class='ocrx_word' id='word_1_152' title='bbox 1025 2096 1148 2182; x_wconf 78' lang='grc' dir='ltr'><strong><em>ἔπεμψε</em></strong></span> <span class='ocrx_word' id='word_1_153' title='bbox 1171 2097 1343 2182; x_wconf 86' lang='grc' dir='ltr'><strong><em>πρεσβείαν</em></strong></span> <span class='ocrx_word' id='word_1_154' title='bbox 1375 2091 1440 2164; x_wconf 78' lang='lat' dir='ltr'><strong>als.</strong></span> <span class='ocrx_word' id='word_1_155' title='bbox 1526 2085 1527 2156; x_wconf 67' lang='grc' dir='ltr'>Ῐ</span> 
     </span>
     <span class='ocr_line' id='line_1_20' title="bbox 323 2193 1421 2287; baseline -0.003 -24"><span class='ocrx_word' id='word_1_156' title='bbox 323 2197 404 2282; x_wconf 82' lang='grc' dir='ltr'><strong><em>πρὸς</em></strong></span> <span class='ocrx_word' id='word_1_157' title='bbox 420 2193 517 2266; x_wconf 78' lang='grc' dir='ltr'><strong><em>αδτδν</em></strong></span> <span class='ocrx_word' id='word_1_158' title='bbox 537 2202 573 2266; x_wconf 79' lang='grc' dir='ltr'><strong>ἐν</strong></span> <span class='ocrx_word' id='word_1_159' title='bbox 593 2200 822 2287; x_wconf 80' lang='grc' dir='ltr'><strong><em>Ῥωσοκδστρῳ</em></strong></span> <span class='ocrx_word' id='word_1_160' title='bbox 840 2199 914 2284; x_wconf 85' lang='grc' dir='ltr'><strong><em>περί</em></strong></span> <span class='ocrx_word' id='word_1_161' title='bbox 932 2201 988 2264; x_wconf 77' lang='grc' dir='ltr'><strong><em>τοῦ</em></strong></span> <span class='ocrx_word' id='word_1_162' title='bbox 1005 2198 1119 2282; x_wconf 90' lang='grc' dir='ltr'><strong><em>κήδους</em></strong></span> <span class='ocrx_word' id='word_1_163' title='bbox 1143 2199 1308 2282; x_wconf 76' lang='grc' dir='ltr'><strong><em>διειλέχδή</em></strong></span> <span class='ocrx_word' id='word_1_164' title='bbox 1323 2196 1421 2282; x_wconf 75' lang='grc' dir='ltr'><strong><em>λόγων</em></strong></span> 
     </span>
     <span class='ocr_line' id='line_1_21' title="bbox 324 2291 1459 2388; baseline 0.005 -27"><span class='ocrx_word' id='word_1_165' title='bbox 324 2291 366 2361; x_wconf 81' lang='grc' dir='ltr'><strong>δν</strong></span> <span class='ocrx_word' id='word_1_166' title='bbox 380 2296 634 2383; x_wconf 71' lang='grc' dir='ltr'><strong><em>ἀναμιμνήσκων,</em></strong></span> <span class='ocrx_word' id='word_1_167' title='bbox 648 2297 722 2364; x_wconf 92' lang='grc' dir='ltr'><strong><em>νυνί</em></strong></span> <span class='ocrx_word' id='word_1_168' title='bbox 738 2322 772 2364; x_wconf 90' lang='grc' dir='ltr'><strong>τε</strong></span> <span class='ocrx_word' id='word_1_169' title='bbox 785 2300 815 2363; x_wconf 82' lang='grc' dir='ltr'><strong>εί</strong></span> <span class='ocrx_word' id='word_1_170' title='bbox 829 2295 911 2364; x_wconf 84' lang='grc' dir='ltr'><strong><em>κατὰ</em></strong></span> <span class='ocrx_word' id='word_1_171' title='bbox 929 2299 1056 2384; x_wconf 79' lang='grc' dir='ltr'><strong><em>γνυδμήν</em></strong></span> <span class='ocrx_word' id='word_1_172' title='bbox 1070 2292 1158 2388; x_wconf 67' lang='lat' dir='ltr'><strong>adsui</strong></span> <span class='ocrx_word' id='word_1_173' title='bbox 1175 2295 1224 2384; x_wconf 85' lang='grc' dir='ltr'><strong>εἴη</strong></span> <span class='ocrx_word' id='word_1_174' title='bbox 1237 2298 1293 2383; x_wconf 83' lang='grc' dir='ltr'><strong><em>τήν</em></strong></span> <span class='ocrx_word' id='word_1_175' title='bbox 1311 2301 1459 2382; x_wconf 65' lang='lat' dir='ltr'><strong>impe-aa</strong></span> 
     </span>
     <span class='ocr_line' id='line_1_22' title="bbox 322 2387 1420 2482; baseline 0.003 -24"><span class='ocrx_word' id='word_1_176' title='bbox 322 2398 402 2478; x_wconf 89' lang='grc' dir='ltr'><strong><em>μιάν</em></strong></span> <span class='ocrx_word' id='word_1_177' title='bbox 422 2402 587 2463; x_wconf 71' lang='grc' dir='ltr'><strong><em>ποιεῖσθαι</em></strong></span> <span class='ocrx_word' id='word_1_178' title='bbox 606 2400 724 2464; x_wconf 82' lang='grc' dir='ltr'><strong><em>εἰδέναι</em></strong></span> <span class='ocrx_word' id='word_1_179' title='bbox 746 2394 860 2476; x_wconf 83' lang='grc' dir='ltr'><strong><em>ἇξιῶν.</em></strong></span> <span class='ocrx_word' id='word_1_180' title='bbox 902 2404 1031 2482; x_wconf 85' lang='grc' dir='ltr'><strong><em>βασιλεῖ</em></strong></span> <span class='ocrx_word' id='word_1_181' title='bbox 1054 2400 1089 2463; x_wconf 84' lang='grc' dir='ltr'><strong>δὲ</strong></span> <span class='ocrx_word' id='word_1_182' title='bbox 1116 2400 1207 2464; x_wconf 78' lang='grc' dir='ltr'><strong><em>τοῦτο</em></strong></span> <span class='ocrx_word' id='word_1_183' title='bbox 1228 2399 1290 2480; x_wconf 77' lang='grc' dir='ltr'><strong>μὲν</strong></span> <span class='ocrx_word' id='word_1_184' title='bbox 1306 2396 1362 2462; x_wconf 77' lang='lat' dir='ltr'><strong>osis</strong></span> <span class='ocrx_word' id='word_1_185' title='bbox 1379 2387 1420 2482; x_wconf 81' lang='grc' dir='ltr'><strong><em>ήκ</em></strong></span> 
     </span>
     <span class='ocr_line' id='line_1_23' title="bbox 323 2493 1420 2586; baseline 0.003 -28"><span class='ocrx_word' id='word_1_186' title='bbox 323 2500 398 2561; x_wconf 74' lang='grc' dir='ltr'><strong><em>καθ’</em></strong></span> <span class='ocrx_word' id='word_1_187' title='bbox 421 2493 547 2581; x_wconf 76' lang='grc' dir='ltr'><strong><em>ἡδονήν.</em></strong></span> <span class='ocrx_word' id='word_1_188' title='bbox 586 2500 708 2579; x_wconf 81' lang='grc' dir='ltr'><strong><em>μᾶλλον</em></strong></span> <span class='ocrx_word' id='word_1_189' title='bbox 733 2497 795 2586; x_wconf 85' lang='grc' dir='ltr'><strong>γδρ</strong></span> <span class='ocrx_word' id='word_1_190' title='bbox 822 2499 971 2582; x_wconf 75' lang='grc' dir='ltr'><strong><em>ἐβούλετο</em></strong></span> <span class='ocrx_word' id='word_1_191' title='bbox 993 2495 1049 2584; x_wconf 86' lang='grc' dir='ltr'><strong><em>τήν</em></strong></span> <span class='ocrx_word' id='word_1_192' title='bbox 1068 2501 1232 2585; x_wconf 74' lang='grc' dir='ltr'><strong><em>θυγατέρα</em></strong></span> <span class='ocrx_word' id='word_1_193' title='bbox 1251 2495 1330 2570; x_wconf 83' lang='grc' dir='ltr'><strong><em>οἴκοι</em></strong></span> <span class='ocrx_word' id='word_1_194' title='bbox 1348 2500 1420 2562; x_wconf 87' lang='grc' dir='ltr'><strong><em>δια-</em></strong></span> 
     </span>
     <span class='ocr_line' id='line_1_24' title="bbox 257 2580 1417 2688; baseline 0 -30"><span class='ocrx_word' id='word_1_195' title='bbox 257 2580 262 2598; x_wconf 64' lang='grc'><strong>’</strong></span> <span class='ocrx_word' id='word_1_196' title='bbox 322 2593 452 2682; x_wconf 88' lang='grc' dir='ltr'><strong><em>τρίβειν,</em></strong></span> <span class='ocrx_word' id='word_1_197' title='bbox 461 2589 498 2680; x_wconf 79' lang='grc' dir='ltr'><em>ἢ</em></span> <span class='ocrx_word' id='word_1_198' title='bbox 516 2591 723 2688; x_wconf 70' lang='grc' dir='ltr'><strong><em>Ἀλεξάνδρου</em></strong></span> <span class='ocrx_word' id='word_1_199' title='bbox 739 2601 783 2686; x_wconf 77' lang='grc' dir='ltr'><strong><em>τῷ</em></strong></span> <span class='ocrx_word' id='word_1_200' title='bbox 801 2597 869 2664; x_wconf 81' lang='grc' dir='ltr'><strong><em>υἱεῖ</em></strong></span> <span class='ocrx_word' id='word_1_201' title='bbox 886 2602 932 2675; x_wconf 85' lang='grc' dir='ltr'><strong>είς</strong></span> <span class='ocrx_word' id='word_1_202' title='bbox 947 2599 1111 2663; x_wconf 84' lang='grc' dir='ltr'><strong><em>κοινωνίαν</em></strong></span> <span class='ocrx_word' id='word_1_203' title='bbox 1128 2593 1287 2662; x_wconf 80' lang='grc' dir='ltr'><strong><em>ἐκδιδόναι</em></strong></span> <span class='ocrx_word' id='word_1_204' title='bbox 1301 2595 1417 2681; x_wconf 76' lang='grc' dir='ltr'><strong><em>γάμου,</em></strong></span> 
     </span>
     <span class='ocr_line' id='line_1_25' title="bbox 322 2691 1418 2786; baseline 0.003 -27"><span class='ocrx_word' id='word_1_205' title='bbox 322 2691 382 2780; x_wconf 85' lang='grc' dir='ltr'><strong><em>τήν</em></strong></span> <span class='ocrx_word' id='word_1_206' title='bbox 400 2693 488 2780; x_wconf 76' lang='grc' dir='ltr'><strong><em>παρὰ</em></strong></span> <span class='ocrx_word' id='word_1_207' title='bbox 503 2704 570 2772; x_wconf 75' lang='grc' dir='ltr'><strong><em>τοῖς</em></strong></span> <span class='ocrx_word' id='word_1_208' title='bbox 585 2699 759 2784; x_wconf 78' lang='grc' dir='ltr'><strong><em>βαρβάροις</em></strong></span> <span class='ocrx_word' id='word_1_209' title='bbox 780 2696 949 2786; x_wconf 88' lang='grc' dir='ltr'><strong><em>διατριβήν</em></strong></span> <span class='ocrx_word' id='word_1_210' title='bbox 969 2696 1063 2775; x_wconf 82' lang='grc' dir='ltr'><strong><em>είδιδς</em></strong></span> <span class='ocrx_word' id='word_1_211' title='bbox 1083 2697 1141 2766; x_wconf 79' lang='lat' dir='ltr'><strong>osis</strong></span> <span class='ocrx_word' id='word_1_212' title='bbox 1163 2697 1318 2782; x_wconf 68' lang='grc' dir='ltr'><strong><em>ἐσομένην</em></strong></span> <span class='ocrx_word' id='word_1_213' title='bbox 1337 2692 1418 2782; x_wconf 68' lang='lat' dir='ltr'><strong>aspie</strong></span> 
     </span>
     <span class='ocr_line' id='line_1_26' title="bbox 395 2813 815 2892; baseline 0.005 -24"><span class='ocrx_word' id='word_1_214' title='bbox 395 2831 437 2886; x_wconf 86' lang='lat'><strong>¹9·</strong></span> <span class='ocrx_word' id='word_1_215' title='bbox 455 2813 646 2888; x_wconf 81' lang='grc' dir='ltr'><strong><em>δμιμνήσκωκ</em></strong></span> <span class='ocrx_word' id='word_1_216' title='bbox 663 2816 815 2892; x_wconf 70' lang='lat' dir='ltr'><strong>legebatur,</strong></span> 
     </span>
    </p>
   </div>
   <div class='ocr_carea' id='block_1_3' title="bbox 302 2913 1501 4257">
    <p class='ocr_par' dir='ltr' id='par_1_3' title="bbox 302 2913 1501 4257">
     <span class='ocr_line' id='line_1_27' title="bbox 324 2913 1413 2989; baseline 0 -19"><span class='ocrx_word' id='word_1_217' title='bbox 324 2913 395 2970; x_wconf 86' lang='lat' dir='ltr'><strong>duee</strong></span> <span class='ocrx_word' id='word_1_218' title='bbox 415 2925 612 2986; x_wconf 85' lang='lat' dir='ltr'><strong>protostratore</strong></span> <span class='ocrx_word' id='word_1_219' title='bbox 623 2919 768 2988; x_wconf 81' lang='lat' dir='ltr'><strong>Synadeno</strong></span> <span class='ocrx_word' id='word_1_220' title='bbox 787 2919 941 2985; x_wconf 82' lang='lat' dir='ltr'><strong>declarato,</strong></span> <span class='ocrx_word' id='word_1_221' title='bbox 960 2927 990 2974; x_wconf 87' lang='lat' dir='ltr'><strong>et</strong></span> <span class='ocrx_word' id='word_1_222' title='bbox 1008 2921 1069 2976; x_wconf 84' lang='lat' dir='ltr'><strong>aliis</strong></span> <span class='ocrx_word' id='word_1_223' title='bbox 1088 2919 1198 2974; x_wconf 84' lang='lat' dir='ltr'><strong>demum</strong></span> <span class='ocrx_word' id='word_1_224' title='bbox 1215 2919 1344 2973; x_wconf 88' lang='lat' dir='ltr'><strong>omnibus</strong></span> <span class='ocrx_word' id='word_1_225' title='bbox 1361 2933 1413 2989; x_wconf 87' lang='lat' dir='ltr'><strong>pro</strong></span> 
     </span>
     <span class='ocr_line' id='line_1_28' title="bbox 325 2987 1415 3062; baseline -0.001 -24"><span class='ocrx_word' id='word_1_226' title='bbox 325 2987 440 3040; x_wconf 87' lang='lat' dir='ltr'><strong>arbitrio</strong></span> <span class='ocrx_word' id='word_1_227' title='bbox 466 2989 678 3054; x_wconf 79' lang='lat' dir='ltr'><strong>administratis,</strong></span> <span class='ocrx_word' id='word_1_228' title='bbox 706 2990 928 3046; x_wconf 83' lang='lat' dir='ltr'><strong>Thessalonicam</strong></span> <span class='ocrx_word' id='word_1_229' title='bbox 948 2991 1088 3045; x_wconf 87' lang='lat' dir='ltr'><strong>discessit:</strong></span> <span class='ocrx_word' id='word_1_230' title='bbox 1116 2991 1239 3062; x_wconf 80' lang='lat' dir='ltr'><strong>gaudetis</strong></span> <span class='ocrx_word' id='word_1_231' title='bbox 1272 2990 1355 3042; x_wconf 89' lang='lat' dir='ltr'><strong>simui</strong></span> <span class='ocrx_word' id='word_1_232' title='bbox 1381 3003 1415 3038; x_wconf 85' lang='lat' dir='ltr'><strong>se</strong></span> 
     </span>
     <span class='ocr_line' id='line_1_29' title="bbox 323 3058 1414 3134; baseline 0.001 -25"><span class='ocrx_word' id='word_1_233' title='bbox 323 3058 383 3110; x_wconf 88' lang='lat' dir='ltr'><strong>Deo</strong></span> <span class='ocrx_word' id='word_1_234' title='bbox 402 3062 556 3127; x_wconf 82' lang='lat' dir='ltr'><strong>gratulans,</strong></span> <span class='ocrx_word' id='word_1_235' title='bbox 579 3063 708 3134; x_wconf 82' lang='lat' dir='ltr'><strong>quoniam</strong></span> <span class='ocrx_word' id='word_1_236' title='bbox 727 3062 801 3132; x_wconf 89' lang='lat' dir='ltr'><strong>quod</strong></span> <span class='ocrx_word' id='word_1_237' title='bbox 820 3080 835 3114; x_wconf 91' lang='lat' dir='ltr'><strong>a</strong></span> <span class='ocrx_word' id='word_1_238' title='bbox 854 3065 974 3115; x_wconf 84' lang='lat' dir='ltr'><strong>Romano</strong></span> <span class='ocrx_word' id='word_1_239' title='bbox 992 3065 1127 3133; x_wconf 89' lang='lat' dir='ltr'><strong>imperio,</strong></span> <span class='ocrx_word' id='word_1_240' title='bbox 1145 3062 1231 3133; x_wconf 87' lang='lat' dir='ltr'><strong>idque</strong></span> <span class='ocrx_word' id='word_1_241' title='bbox 1248 3061 1300 3113; x_wconf 91' lang='lat' dir='ltr'><strong>sub</strong></span> <span class='ocrx_word' id='word_1_242' title='bbox 1318 3059 1414 3112; x_wconf 74' lang='lat' dir='ltr'><strong>Alexio</strong></span> 
     </span>
     <span class='ocr_line' id='line_1_30' title="bbox 323 3127 1416 3204; baseline 0.001 -25"><span class='ocrx_word' id='word_1_243' title='bbox 323 3127 429 3198; x_wconf 80' lang='lat' dir='ltr'><strong>Angelo</strong></span> <span class='ocrx_word' id='word_1_244' title='bbox 448 3133 532 3183; x_wconf 88' lang='lat' dir='ltr'><strong>semel</strong></span> <span class='ocrx_word' id='word_1_245' title='bbox 549 3131 735 3196; x_wconf 84' lang='lat' dir='ltr'><strong>abstractum,</strong></span> <span class='ocrx_word' id='word_1_246' title='bbox 753 3133 848 3184; x_wconf 88' lang='lat' dir='ltr'><strong>multis</strong></span> <span class='ocrx_word' id='word_1_247' title='bbox 866 3134 1019 3202; x_wconf 72' lang='lat' dir='ltr'><strong>sumptibus</strong></span> <span class='ocrx_word' id='word_1_248' title='bbox 1045 3141 1074 3186; x_wconf 89' lang='lat' dir='ltr'><strong>et</strong></span> <span class='ocrx_word' id='word_1_249' title='bbox 1091 3131 1338 3204; x_wconf 69' lang='lat' dir='ltr'><strong>defatigationibus</strong></span> <span class='ocrx_word' id='word_1_250' title='bbox 1355 3146 1416 3181; x_wconf 82' lang='lat' dir='ltr'><strong>ma·</strong></span> 
     </span>
     <span class='ocr_line' id='line_1_31' title="bbox 324 3200 1415 3274; baseline 0.004 -24"><span class='ocrx_word' id='word_1_251' title='bbox 324 3200 397 3251; x_wconf 88' lang='lat' dir='ltr'><strong>iores</strong></span> <span class='ocrx_word' id='word_1_252' title='bbox 421 3201 465 3252; x_wconf 88' lang='lat' dir='ltr'><strong>sul</strong></span> <span class='ocrx_word' id='word_1_253' title='bbox 481 3202 659 3269; x_wconf 87' lang='lat' dir='ltr'><strong>imperatores</strong></span> <span class='ocrx_word' id='word_1_254' title='bbox 677 3219 837 3272; x_wconf 86' lang='lat' dir='ltr'><strong>recuperare</strong></span> <span class='ocrx_word' id='word_1_255' title='bbox 861 3204 1061 3274; x_wconf 75' lang='lat' dir='ltr'><strong>nequiverant,</strong></span> <span class='ocrx_word' id='word_1_256' title='bbox 1084 3203 1115 3256; x_wconf 90' lang='lat' dir='ltr'><strong>id</strong></span> <span class='ocrx_word' id='word_1_257' title='bbox 1134 3220 1207 3255; x_wconf 89' lang='lat' dir='ltr'><strong>nune</strong></span> <span class='ocrx_word' id='word_1_258' title='bbox 1224 3204 1286 3254; x_wconf 87' lang='lat' dir='ltr'><strong>sine</strong></span> <span class='ocrx_word' id='word_1_259' title='bbox 1305 3201 1415 3254; x_wconf 79' lang='lat' dir='ltr'><strong>bellicis</strong></span> 
     </span>
     <span class='ocr_line' id='line_1_32' title="bbox 324 3269 1415 3343; baseline 0.003 -23"><span class='ocrx_word' id='word_1_260' title='bbox 324 3269 524 3322; x_wconf 82' lang='lat' dir='ltr'><strong>offensionibus</strong></span> <span class='ocrx_word' id='word_1_261' title='bbox 551 3288 682 3340; x_wconf 89' lang='lat' dir='ltr'><strong>prospero</strong></span> <span class='ocrx_word' id='word_1_262' title='bbox 710 3289 834 3326; x_wconf 85' lang='lat' dir='ltr'><strong>successu</strong></span> <span class='ocrx_word' id='word_1_263' title='bbox 863 3275 996 3343; x_wconf 84' lang='lat' dir='ltr'><strong>perlicere</strong></span> <span class='ocrx_word' id='word_1_264' title='bbox 1020 3274 1075 3327; x_wconf 92' lang='lat' dir='ltr'><strong>sibi</strong></span> <span class='ocrx_word' id='word_1_265' title='bbox 1099 3275 1250 3328; x_wconf 79' lang='lat' dir='ltr'><strong>annuisset</strong></span> <span class='ocrx_word' id='word_1_266' title='bbox 1293 3273 1362 3324; x_wconf 82' lang='lat' dir='ltr'><strong>Nam</strong></span> <span class='ocrx_word' id='word_1_267' title='bbox 1384 3279 1415 3323; x_wconf 84' lang='lat' dir='ltr'><strong>et</strong></span> 
     </span>
     <span class='ocr_line' id='line_1_33' title="bbox 324 3337 1415 3416; baseline 0.004 -27"><span class='ocrx_word' id='word_1_268' title='bbox 324 3337 460 3400; x_wconf 87' lang='lat' dir='ltr'><strong>Miebael,</strong></span> <span class='ocrx_word' id='word_1_269' title='bbox 479 3340 529 3409; x_wconf 85' lang='lat' dir='ltr'><strong>qui</strong></span> <span class='ocrx_word' id='word_1_270' title='bbox 546 3357 580 3392; x_wconf 81' lang='lat' dir='ltr'><strong>es</strong></span> <span class='ocrx_word' id='word_1_271' title='bbox 597 3343 767 3413; x_wconf 74' lang='lat' dir='ltr'><strong>Palaeologis</strong></span> <span class='ocrx_word' id='word_1_272' title='bbox 783 3346 887 3416; x_wconf 90' lang='lat' dir='ltr'><strong>primus</strong></span> <span class='ocrx_word' id='word_1_273' title='bbox 905 3347 1066 3414; x_wconf 82' lang='lat' dir='ltr'><strong>imperavit,</strong></span> <span class='ocrx_word' id='word_1_274' title='bbox 1085 3345 1255 3396; x_wconf 78' lang='lat' dir='ltr'><strong>Acarnaniae</strong></span> <span class='ocrx_word' id='word_1_275' title='bbox 1280 3351 1308 3396; x_wconf 85' lang='lat' dir='ltr'><strong>et</strong></span> <span class='ocrx_word' id='word_1_276' title='bbox 1325 3341 1415 3394; x_wconf 82' lang='lat' dir='ltr'><strong>Thes-</strong></span> 
     </span>
     <span class='ocr_line' id='line_1_34' title="bbox 323 3409 1415 3486; baseline 0.005 -28"><span class='ocrx_word' id='word_1_277' title='bbox 323 3409 407 3459; x_wconf 77' lang='lat' dir='ltr'><strong>saliae</strong></span> <span class='ocrx_word' id='word_1_278' title='bbox 425 3423 506 3461; x_wconf 71' lang='lat' dir='ltr'><strong>caussa</strong></span> <span class='ocrx_word' id='word_1_279' title='bbox 525 3413 605 3463; x_wconf 84' lang='lat' dir='ltr'><strong>enixe</strong></span> <span class='ocrx_word' id='word_1_280' title='bbox 625 3413 777 3477; x_wconf 78' lang='lat' dir='ltr'><strong>laboravit,</strong></span> <span class='ocrx_word' id='word_1_281' title='bbox 807 3415 856 3484; x_wconf 88' lang='lat' dir='ltr'><strong>qui</strong></span> <span class='ocrx_word' id='word_1_282' title='bbox 881 3423 911 3468; x_wconf 90' lang='lat' dir='ltr'><strong>et</strong></span> <span class='ocrx_word' id='word_1_283' title='bbox 928 3433 1037 3486; x_wconf 76' lang='lat' dir='ltr'><strong>magnos</strong></span> <span class='ocrx_word' id='word_1_284' title='bbox 1056 3431 1138 3485; x_wconf 87' lang='lat' dir='ltr'><strong>saepe</strong></span> <span class='ocrx_word' id='word_1_285' title='bbox 1163 3423 1191 3467; x_wconf 88' lang='lat' dir='ltr'><strong>et</strong></span> <span class='ocrx_word' id='word_1_286' title='bbox 1219 3421 1346 3466; x_wconf 88' lang='lat' dir='ltr'><strong>strenuos</strong></span> <span class='ocrx_word' id='word_1_287' title='bbox 1366 3429 1415 3463; x_wconf 79' lang='lat' dir='ltr'><strong>ex·</strong></span> 
     </span>
     <span class='ocr_line' id='line_1_35' title="bbox 324 3481 1416 3554; baseline 0.003 -23"><span class='ocrx_word' id='word_1_288' title='bbox 324 3481 425 3531; x_wconf 86' lang='lat' dir='ltr'><strong>orcitus</strong></span> <span class='ocrx_word' id='word_1_289' title='bbox 459 3481 629 3553; x_wconf 76' lang='lat' dir='ltr'><strong>eximiosque</strong></span> <span class='ocrx_word' id='word_1_290' title='bbox 663 3489 746 3536; x_wconf 84' lang='lat' dir='ltr'><strong>duces</strong></span> <span class='ocrx_word' id='word_1_291' title='bbox 769 3501 831 3536; x_wconf 87' lang='lat' dir='ltr'><strong>eum</strong></span> <span class='ocrx_word' id='word_1_292' title='bbox 857 3485 1045 3538; x_wconf 78' lang='lat' dir='ltr'><strong>Acarnanibus</strong></span> <span class='ocrx_word' id='word_1_293' title='bbox 1070 3493 1098 3538; x_wconf 86' lang='lat' dir='ltr'><strong>et</strong></span> <span class='ocrx_word' id='word_1_294' title='bbox 1117 3484 1256 3538; x_wconf 83' lang='lat' dir='ltr'><strong>Thessalis</strong></span> <span class='ocrx_word' id='word_1_295' title='bbox 1275 3483 1416 3554; x_wconf 80' lang='lat' dir='ltr'><strong>depraeli-</strong></span> 
     </span>
     <span class='ocr_line' id='line_1_36' title="bbox 323 3547 1414 3632; baseline 0.005 -34"><span class='ocrx_word' id='word_1_296' title='bbox 323 3547 556 3632; x_wconf 76' lang='lat' dir='ltr'><strong>andpperdidit:</strong></span> <span class='ocrx_word' id='word_1_297' title='bbox 575 3561 603 3604; x_wconf 86' lang='lat' dir='ltr'><strong>et</strong></span> <span class='ocrx_word' id='word_1_298' title='bbox 622 3563 686 3624; x_wconf 86' lang='lat' dir='ltr'><strong>post</strong></span> <span class='ocrx_word' id='word_1_299' title='bbox 706 3557 784 3607; x_wconf 90' lang='lat' dir='ltr'><strong>illum</strong></span> <span class='ocrx_word' id='word_1_300' title='bbox 805 3554 976 3608; x_wconf 70' lang='lat' dir='ltr'><strong>Andronicus</strong></span> <span class='ocrx_word' id='word_1_301' title='bbox 997 3558 1079 3610; x_wconf 86' lang='lat' dir='ltr'><strong>filius.</strong></span> <span class='ocrx_word' id='word_1_302' title='bbox 1100 3581 1103 3590; x_wconf 93' lang='lat'>·</span> <span class='ocrx_word' id='word_1_303' title='bbox 1124 3555 1195 3607; x_wconf 83' lang='lat' dir='ltr'><strong>Huic</strong></span> <span class='ocrx_word' id='word_1_304' title='bbox 1213 3563 1306 3608; x_wconf 88' lang='lat' dir='ltr'><strong>autem</strong></span> <span class='ocrx_word' id='word_1_305' title='bbox 1331 3569 1414 3624; x_wconf 82' lang='lat' dir='ltr'><strong>pam</strong></span> 
     </span>
     <span class='ocr_line' id='line_1_37' title="bbox 323 3620 1415 3696; baseline 0.006 -27"><span class='ocrx_word' id='word_1_306' title='bbox 323 3620 469 3671; x_wconf 75' lang='lat' dir='ltr'><strong>molitione</strong></span> <span class='ocrx_word' id='word_1_307' title='bbox 502 3630 532 3675; x_wconf 85' lang='lat' dir='ltr'><strong>et</strong></span> <span class='ocrx_word' id='word_1_308' title='bbox 556 3623 628 3676; x_wconf 88' lang='lat' dir='ltr'><strong>nibil</strong></span> <span class='ocrx_word' id='word_1_309' title='bbox 647 3625 716 3678; x_wconf 91' lang='lat' dir='ltr'><strong>belli</strong></span> <span class='ocrx_word' id='word_1_310' title='bbox 735 3642 815 3678; x_wconf 85' lang='lat' dir='ltr'><strong>eausa</strong></span> <span class='ocrx_word' id='word_1_311' title='bbox 835 3625 933 3677; x_wconf 86' lang='lat' dir='ltr'><strong>durum</strong></span> <span class='ocrx_word' id='word_1_312' title='bbox 952 3626 1121 3696; x_wconf 81' lang='lat' dir='ltr'><strong>perferenti,</strong></span> <span class='ocrx_word' id='word_1_313' title='bbox 1148 3643 1204 3678; x_wconf 86' lang='lat' dir='ltr'><strong>non</strong></span> <span class='ocrx_word' id='word_1_314' title='bbox 1223 3626 1314 3677; x_wconf 88' lang='lat' dir='ltr'><strong>solnm</strong></span> <span class='ocrx_word' id='word_1_315' title='bbox 1333 3627 1415 3676; x_wconf 80' lang='lat' dir='ltr'><strong>bess-</strong></span> 
     </span>
     <span class='ocr_line' id='line_1_38' title="bbox 321 3691 1413 3768; baseline 0.004 -28"><span class='ocrx_word' id='word_1_316' title='bbox 321 3691 450 3752; x_wconf 82' lang='lat' dir='ltr'><strong>nanlsrn,</strong></span> <span class='ocrx_word' id='word_1_317' title='bbox 469 3693 518 3747; x_wconf 90' lang='lat' dir='ltr'><strong>sed</strong></span> <span class='ocrx_word' id='word_1_318' title='bbox 536 3694 704 3748; x_wconf 73' lang='lat' dir='ltr'><strong>Thessaliam</strong></span> <span class='ocrx_word' id='word_1_319' title='bbox 732 3712 843 3768; x_wconf 86' lang='lat' dir='ltr'><strong>quoque</strong></span> <span class='ocrx_word' id='word_1_320' title='bbox 862 3695 1007 3767; x_wconf 81' lang='lat' dir='ltr'><strong>subigere,</strong></span> <span class='ocrx_word' id='word_1_321' title='bbox 1032 3705 1061 3749; x_wconf 89' lang='lat' dir='ltr'><strong>et</strong></span> <span class='ocrx_word' id='word_1_322' title='bbox 1078 3698 1132 3748; x_wconf 85' lang='lat' dir='ltr'><strong>ism</strong></span> <span class='ocrx_word' id='word_1_323' title='bbox 1150 3693 1259 3766; x_wconf 83' lang='lat' dir='ltr'><strong>pridem</strong></span> <span class='ocrx_word' id='word_1_324' title='bbox 1276 3697 1413 3748; x_wconf 80' lang='lat' dir='ltr'><strong>seiunctas</strong></span> 
     </span>
     <span class='ocr_line' id='line_1_39' title="bbox 322 3761 1414 3837; baseline 0.009 -27"><span class='ocrx_word' id='word_1_325' title='bbox 322 3761 478 3828; x_wconf 83' lang='lat' dir='ltr'><strong>provincias</strong></span> <span class='ocrx_word' id='word_1_326' title='bbox 507 3781 569 3817; x_wconf 91' lang='lat' dir='ltr'><strong>enm</strong></span> <span class='ocrx_word' id='word_1_327' title='bbox 587 3767 696 3837; x_wconf 84' lang='lat' dir='ltr'><strong>reliquo</strong></span> <span class='ocrx_word' id='word_1_328' title='bbox 720 3769 835 3836; x_wconf 86' lang='lat' dir='ltr'><strong>imperio</strong></span> <span class='ocrx_word' id='word_1_329' title='bbox 856 3767 976 3819; x_wconf 85' lang='lat' dir='ltr'><strong>Romano</strong></span> <span class='ocrx_word' id='word_1_330' title='bbox 1004 3765 1096 3821; x_wconf 86' lang='lat' dir='ltr'><strong>denuo</strong></span> <span class='ocrx_word' id='word_1_331' title='bbox 1114 3767 1271 3820; x_wconf 83' lang='lat' dir='ltr'><strong>consociare</strong></span> <span class='ocrx_word' id='word_1_332' title='bbox 1288 3766 1414 3834; x_wconf 72' lang='lat' dir='ltr'><strong>contigit.</strong></span> 
     </span>
     <span class='ocr_line' id='line_1_40' title="bbox 321 3829 1414 3906; baseline 0.003 -24"><span class='ocrx_word' id='word_1_333' title='bbox 321 3829 404 3883; x_wconf 86' lang='lat' dir='ltr'><strong>Paulo</strong></span> <span class='ocrx_word' id='word_1_334' title='bbox 422 3841 485 3900; x_wconf 88' lang='lat' dir='ltr'><strong>post</strong></span> <span class='ocrx_word' id='word_1_335' title='bbox 502 3834 701 3906; x_wconf 80' lang='lat' dir='ltr'><strong>Adrianopolin</strong></span> <span class='ocrx_word' id='word_1_336' title='bbox 720 3855 749 3890; x_wconf 89' lang='lat' dir='ltr'><strong>se</strong></span> <span class='ocrx_word' id='word_1_337' title='bbox 768 3837 900 3899; x_wconf 87' lang='lat' dir='ltr'><strong>eontulit,</strong></span> <span class='ocrx_word' id='word_1_338' title='bbox 932 3838 982 3890; x_wconf 88' lang='lat' dir='ltr'><strong>nbi</strong></span> <span class='ocrx_word' id='word_1_339' title='bbox 999 3838 1155 3890; x_wconf 86' lang='lat' dir='ltr'><strong>Moesorum</strong></span> <span class='ocrx_word' id='word_1_340' title='bbox 1173 3854 1220 3889; x_wconf 83' lang='lat' dir='ltr'><strong>rex</strong></span> <span class='ocrx_word' id='word_1_341' title='bbox 1240 3835 1414 3894; x_wconf 75' lang='lat' dir='ltr'><strong>Alexander,</strong></span> 
     </span>
     <span class='ocr_line' id='line_1_41' title="bbox 321 3902 1415 3978; baseline 0.006 -29"><span class='ocrx_word' id='word_1_342' title='bbox 321 3902 482 3965; x_wconf 77' lang='lat' dir='ltr'><strong>verborum,</strong></span> <span class='ocrx_word' id='word_1_343' title='bbox 502 3921 573 3976; x_wconf 82' lang='lat' dir='ltr'><strong>quae</strong></span> <span class='ocrx_word' id='word_1_344' title='bbox 592 3905 764 3960; x_wconf 83' lang='lat' dir='ltr'><strong>llhosoeastri</strong></span> <span class='ocrx_word' id='word_1_345' title='bbox 782 3907 817 3960; x_wconf 88' lang='lat' dir='ltr'><strong>ad</strong></span> <span class='ocrx_word' id='word_1_346' title='bbox 836 3925 898 3959; x_wconf 88' lang='lat' dir='ltr'><strong>eum</strong></span> <span class='ocrx_word' id='word_1_347' title='bbox 917 3924 999 3978; x_wconf 88' lang='lat' dir='ltr'><strong>super</strong></span> <span class='ocrx_word' id='word_1_348' title='bbox 1017 3907 1149 3960; x_wconf 85' lang='lat' dir='ltr'><strong>affinitate</strong></span> <span class='ocrx_word' id='word_1_349' title='bbox 1166 3907 1331 3968; x_wconf 85' lang='lat' dir='ltr'><strong>habuisset,</strong></span> <span class='ocrx_word' id='word_1_350' title='bbox 1355 3921 1415 3956; x_wconf 85' lang='lat' dir='ltr'><strong>sne·</strong></span> 
     </span>
     <span class='ocr_line' id='line_1_42' title="bbox 302 3973 1414 4047; baseline 0 -23"><span class='ocrx_word' id='word_1_351' title='bbox 302 3975 436 4024; x_wconf 78' lang='lat' dir='ltr'><strong>&#39;morium</strong></span> <span class='ocrx_word' id='word_1_352' title='bbox 454 3975 479 4024; x_wconf 86' lang='lat' dir='ltr'><strong>ei</strong></span> <span class='ocrx_word' id='word_1_353' title='bbox 497 3991 547 4042; x_wconf 87' lang='lat' dir='ltr'><strong>per</strong></span> <span class='ocrx_word' id='word_1_354' title='bbox 571 3977 673 4046; x_wconf 82' lang='lat' dir='ltr'><strong>legatos</strong></span> <span class='ocrx_word' id='word_1_355' title='bbox 694 3977 906 4047; x_wconf 75' lang='lat' dir='ltr'><strong>redintegravit:</strong></span> <span class='ocrx_word' id='word_1_356' title='bbox 925 3979 1009 4031; x_wconf 83' lang='lat' dir='ltr'><strong>certio</strong></span> <span class='ocrx_word' id='word_1_357' title='bbox 1045 3995 1079 4030; x_wconf 89' lang='lat' dir='ltr'><strong>ue</strong></span> <span class='ocrx_word' id='word_1_358' title='bbox 1108 3979 1169 4031; x_wconf 86' lang='lat' dir='ltr'><strong>fieri</strong></span> <span class='ocrx_word' id='word_1_359' title='bbox 1186 3978 1294 4039; x_wconf 83' lang='lat' dir='ltr'><strong>voluit,</strong></span> <span class='ocrx_word' id='word_1_360' title='bbox 1313 3973 1414 4046; x_wconf 82' lang='lat' dir='ltr'><strong>ecquid</strong></span> 
     </span>
     <span class='ocr_line' id='line_1_43' title="bbox 320 3995 1415 4116; baseline 0.004 -24"><span class='ocrx_word' id='word_1_361' title='bbox 320 4041 372 4094; x_wconf 83' lang='lat' dir='ltr'><strong>hee</strong></span> <span class='ocrx_word' id='word_1_362' title='bbox 400 4044 606 4098; x_wconf 84' lang='lat' dir='ltr'><strong>matrimonium</strong></span> <span class='ocrx_word' id='word_1_363' title='bbox 636 4049 661 4098; x_wconf 89' lang='lat' dir='ltr'><strong>ei</strong></span> <span class='ocrx_word' id='word_1_364' title='bbox 690 4049 765 4100; x_wconf 82' lang='lat' dir='ltr'><strong>cordi</strong></span> <span class='ocrx_word' id='word_1_365' title='bbox 784 4057 863 4100; x_wconf 81' lang='lat' dir='ltr'><strong>esset</strong></span> <span class='ocrx_word' id='word_1_366' title='bbox 900 3995 1106 4116; x_wconf 43' lang='lat' dir='ltr'><strong>Legatiolltaec</strong></span> <span class='ocrx_word' id='word_1_367' title='bbox 1134 4051 1294 4116; x_wconf 84' lang='lat' dir='ltr'><strong>imperatori</strong></span> <span class='ocrx_word' id='word_1_368' title='bbox 1318 4063 1415 4115; x_wconf 78' lang='lat' dir='ltr'><strong>parom</strong></span> 
     </span>
     <span class='ocr_line' id='line_1_44' title="bbox 321 4112 1501 4188; baseline 0.002 -24"><span class='ocrx_word' id='word_1_369' title='bbox 321 4112 440 4164; x_wconf 80' lang='lat' dir='ltr'><strong>iucunda</strong></span> <span class='ocrx_word' id='word_1_370' title='bbox 467 4114 534 4186; x_wconf 75' lang='lat' dir='ltr'><strong>luit:</strong></span> <span class='ocrx_word' id='word_1_371' title='bbox 566 4117 650 4169; x_wconf 82' lang='lat' dir='ltr'><strong>liliam</strong></span> <span class='ocrx_word' id='word_1_372' title='bbox 677 4121 780 4188; x_wconf 87' lang='lat' dir='ltr'><strong>quippe</strong></span> <span class='ocrx_word' id='word_1_373' title='bbox 809 4135 885 4169; x_wconf 84' lang='lat' dir='ltr'><strong>suum</strong></span> <span class='ocrx_word' id='word_1_374' title='bbox 904 4119 978 4171; x_wconf 89' lang='lat' dir='ltr'><strong>domi</strong></span> <span class='ocrx_word' id='word_1_375' title='bbox 997 4121 1132 4181; x_wconf 81' lang='lat' dir='ltr'><strong>retinere,</strong></span> <span class='ocrx_word' id='word_1_376' title='bbox 1159 4135 1241 4188; x_wconf 85' lang='lat' dir='ltr'><strong>quesn</strong></span> <span class='ocrx_word' id='word_1_377' title='bbox 1263 4115 1411 4170; x_wconf 71' lang='lat' dir='ltr'><strong>Alexandri</strong></span> <span class='ocrx_word' id='word_1_378' title='bbox 1491 4159 1501 4178; x_wconf 77' lang='grc'><strong><em>,</em></strong></span> 
     </span>
     <span class='ocr_line' id='line_1_45' title="bbox 320 4185 1409 4257; baseline 0.004 -19"><span class='ocrx_word' id='word_1_379' title='bbox 320 4185 376 4246; x_wconf 73' lang='lat' dir='ltr'><strong>illio</strong></span> <span class='ocrx_word' id='word_1_380' title='bbox 396 4185 426 4234; x_wconf 91' lang='lat' dir='ltr'><strong>iu</strong></span> <span class='ocrx_word' id='word_1_381' title='bbox 446 4188 663 4240; x_wconf 82' lang='lat' dir='ltr'><strong>communionem</strong></span> <span class='ocrx_word' id='word_1_382' title='bbox 684 4189 757 4242; x_wconf 87' lang='lat' dir='ltr'><strong>tberi</strong></span> <span class='ocrx_word' id='word_1_383' title='bbox 784 4189 892 4244; x_wconf 82' lang='lat' dir='ltr'><strong>tradere</strong></span> <span class='ocrx_word' id='word_1_384' title='bbox 924 4191 1080 4242; x_wconf 86' lang='lat' dir='ltr'><strong>maluisset:</strong></span> <span class='ocrx_word' id='word_1_385' title='bbox 1100 4207 1162 4242; x_wconf 87' lang='lat' dir='ltr'><strong>cum</strong></span> <span class='ocrx_word' id='word_1_386' title='bbox 1181 4189 1274 4248; x_wconf 82' lang='lat' dir='ltr'><strong>sciret,</strong></span> <span class='ocrx_word' id='word_1_387' title='bbox 1293 4189 1409 4257; x_wconf 74' lang='lat' dir='ltr'><strong>puritas,</strong></span> 
     </span>
    </p>
   </div>
   <div class='ocr_carea' id='block_1_4' title="bbox 0 0 1546 4940">
    <p class='ocr_par' dir='ltr' id='par_1_4' title="bbox 0 0 1546 4940">
     <span class='ocr_line' id='line_1_46' title="bbox 0 0 1546 4940; baseline 0 2"><span class='ocrx_word' id='word_1_388' title='bbox 0 0 1546 4940; x_wconf 95' lang='lat' dir='ltr'><strong> </strong></span> 
     </span>
    </p>
   </div>
  </div>
 </body>
</html>
