3056 4922
429 303 714 374 uts'rotttttttut
742 315 768 377 t.
796 317 847 384 et.
1103 319 1191 404 229

118 448 196 536 δίκης
213 455 353 540 ταυτησί,
382 459 465 542 μηδέ
483 481 516 525 τι
536 449 581 525 οἷν
602 453 642 527 όν
659 463 903 552 καταγνύσησδε
931 467 986 534 διὰ
1006 467 1041 535 τό
1062 461 1264 554 diruptum
1277 484 1340 554 ¹³²7

114 561 297 636 συγχωρεῖν,
335 549 405 620 ἀλλ’
423 557 645 646 ἀπαραιτήτως
663 563 718 650 ἐφ’
748 559 796 642 οἷς
815 559 857 633 όν
876 564 992 654 οἴησθε
1011 573 1194 659 καταψηφί-

114 652 216 729 ζεσθαι
236 653 374 720 ύδικεῐν.
406 649 449 723 όν
479 663 588 740 μέντοι
607 659 728 742 μεταξύ
750 665 998 749 ἀπολογούμενος
1018 669 1136 760 α’νόγκῃ
1158 695 1194 755 γε

115 749 166 834 (ού
182 747 243 838 γὰρ
264 746 365 819 ἓκοντί
382 754 461 842 πρός
479 761 641 836 τοιούτους
664 754 704 826 όν
732 787 809 828 ποτε
841 759 941 851 ἦλθον
962 767 1094 856 λόγους)
1137 769 1193 834 τόν

96 851 237 930 ὄβοσιλία
262 851 319 915 καί
341 852 469 952 πάππον
488 854 542 922 τόν
569 856 647 941 ἐμόν
668 855 837 949 όποφαίνιο
859 866 1029 931 όδικούντα
1050 868 1106 931 καί
1124 869 1193 933 ε’πι.

113 949 257 1028 ορκοόντα
267 1001 278 1032 ,
297 949 372 1038 μήτ’
391 954 465 1035 ἐμοί
483 956 665 1039 λογίζεσθαι
685 960 755 1024 ἀλλ’
775 963 858 1051 αύτῇ
878 968 917 1050 τῇ
937 963 1193 1053 τοῦπράγματος

111 1045 214 1126 όόομαι
233 1049 330 1134 φύσει
349 1051 425 1131 τεός
444 1051 556 1138 λόγους
583 1057 660 1143 μήτ’
681 1055 801 1137 αύτούς
819 1065 930 1150 ψῆφον
951 1063 1090 1149 ἐξάγειν,
1109 1059 1194 1129 ,ἀλλ’

109 1143 176 1224 ε’μοί
199 1153 262 1228 μὲν
281 1150 390 1233 κριτός
417 1158 601 1241 καθῆσθαι,
634 1158 739 1250 ἐκείνῳ
761 1164 797 1226 δὲ
827 1161 988 1250 όκροατός
1008 1161 1064 1228 καί
1081 1162 1191 1247 μόνον.

108 1241 172 1307 ἕπει·
188 1247 225 1310 δέ
240 1271 285 1330 με
304 1252 488 1318 ἐκελεύσατε
508 1255 742 1341 ἀπολογεῖσθαι,
776 1259 944 1345 οἶναγκαῖον
962 1261 1037 1340 τούς
1059 1287 1192 1348 κατηγο-

79 1343 235 1424 ιορεύντας
256 1351 379 1434 πρῶτον
397 1349 436 1416 τό
457 1353 636 1440 ἐγκλήματα
657 1359 702 1433 εἰς
728 1361 825 1442 μέσον
846 1354 950 1444 ἄγειν,
991 1362 1035 1438 ὥς
1057 1355 1097 1427 όν
1117 1357 1224 1450 eoa-1³.
1233 1373 1286 1438 idi

107 1441 156 1524 ξας
174 1443 273 1523 “dede
291 1453 431 1532 ποιῶμαι
449 1453 508 1528 τός
528 1455 729 1539 όπολογιοις.”
770 1461 931 1538 Βασιλεύς
959 1463 1019 1543 μὲν
1048 1455 1107 1526 σύν
1126 1485 1193 1526 τοι-

109 1541 184 1608 αῦτα
204 1541 308 1648 εἶπεν·
329 1549 358 1614 οἳ
379 1553 528 1617 δικασταί
547 1556 582 1619 δὲ
603 1557 820 1637 ἐπαινέσαντες
837 1558 912 1636 τοός
933 1559 1057 1644 λόγους,
1077 1558 1117 1626 τό
1140 1561 1192 1644 όγ

105 1646 240 1734 κλήματα
264 1652 406 1718 ἐκέλευον
425 1650 499 1729 τούς
519 1655 804 1741 ἐπιτετραμμένοος
824 1661 869 1736 εἰς
887 1663 984 1742 μέσον
1006 1653 1109 1744 ἄγειν.
1135 1659 1190 1725 καί

103 1747 311 1834 παρελθόντες
338 1753 382 1827 είς
410 1753 527 1832 μέσους
555 1749 581 1836 ὅ,
591 1777 626 1818 τε
655 1755 866 1844 δικαιοφύλοξ
894 1757 950 1822 καί
983 1755 999 1822 ό
1029 1763 1093 1824 τόν
1114 1763 1189 1823 Μο-

74 1848 229 1932 ιόγλαίνων
253 1851 428 1933 ἐπίσκοπος,
451 1850 614 1940 διεξῄεσαν
633 1855 737 1919 πάντα
759 1862 833 1920 καθ’
854 1859 903 1922 ἓν.
934 1852 1187 1941 ἀπολογουμένου

103 1950 135 2013 δὲ
151 1952 324 2031 βασιλέως,
353 1953 481 2033 βέβαιον
499 1955 561 2032 μὲν
581 1948 673 2018 οὐδὲν
692 1953 822 2018 ἐδόκουν
842 1953 947 2040 ἔχειν,
970 1957 1040 2019 οὐδ’
1060 1951 1226 2024 datter-v.
1239 1971 1287 2040 τις

102 2049 144 2122 ξιν
162 2051 280 2134 ἐναργῆ
301 2039 366 2112 οὔτ’
386 2051 420 2128 ἐξ
440 2050 548 2115 αύτιύν
567 2054 631 2115 τεόν
650 2052 853 2138 πραγμάτων,
876 2047 947 2118 ούτε
966 2051 1031 2138 μὴν
1053 2055 1087 2118 ἐκ
1105 2078 1190 2138 μαρ-

100 2149 202 2230 τυρίας
220 2148 318 2223 τινός
340 2145 469 2214 ἐδόκουν
490 2151 525 2216 δὲ
545 2149 732 2233 ἕξύποψιοις
750 2142 905 2238 pretiosi)
921 2147 1072 2240 οἷλγδείας
1087 2165 1219 2216 σανα-Β

101 2247 224 2328 λίχδοιι.
249 2253 429 2314 τελευταῖον
446 2250 482 2313 δὲ
496 2245 566 2316 τόδε
586 2246 682 2316 εἶπον·
704 2254 762 2333 „e'v
784 2261 848 2328 τοῖς
866 2247 969 2338 ὅρκοις
996 2259 1061 2325 τοῖς
1081 2250 1134 2314 ἐπί
1152 2255 1192 2334 τῇ

68 2341 200 2433 εοεόρήνργ
218 2350 451 2432 γεγραμμένοις
469 2352 640 2434 γέγραπται
655 2348 711 2413 καί
726 2353 829 2432 τούτο,
851 2349 886 2414 τό
906 2348 1036 2431 τὸνμὲν
1056 2351 1191 2431 βασιλέα

99 2440 152 2509 τόν
166 2445 298 2510 πόππαν
319 2442 375 2510 τόν
395 2444 453 2512 σόν
472 2445 531 2533 τὴν
553 2450 705 2534 διοίκησιν
724 2453 828 2514 πᾶσαν
850 2448 1005 2532 ἔχεινκαὶ
1024 2445 1191 2532 ἡγεμονίαν

99 2545 151 2626 τῆς
167 2545 282 2630 ἀρχῆς,
304 2547 343 2610 σὲ
362 2547 397 2609 δὲ
417 2546 474 2610 ὕπ’
494 2545 592 2613 αύτόν
612 2554 712 2618 τελεῖν
732 2552 786 2612 καί
803 2545 841 2613 τό
863 2546 1121 2634 προσταττόμενα
1141 2547 1191 2610 ἐκ.

99 2647 257 2729 πληροῦν·
287 2643 344 2709 τόν
362 2647 398 2712 δὲ
418 2645 506 2733 παρὰ
526 2649 625 2712 ταῦτα
647 2653 818 2731 ποιοῦντα,
841 2648 986 2733 ἐπίορκον
1006 2646 1062 2712 ’καί
1081 2639 1190 2710 ἄδικον

98 2735 190 2810 εἶναι.
210 2740 257 2809 σύ
279 2745 331 2830 δὲ,
352 2741 430 2831 μήτ’
450 2747 678 2833 ἐπιτρέψαντος
702 2744 782 2831 μήτε
803 2744 867 2832 μὴν
887 2747 1004 2824 εἰδότος
1025 2748 1191 2830 βασιλέως,

97 2895 233 2965 umquam
256 2895 416 2964 imperatori
441 2897 648 2958 assentiamini,
669 2913 737 2948 neve
758 2895 865 2966 aliquid
898 2911 1008 2956 eorum,
1040 2911 1110 2964 quoe
1140 2892 1189 2944 da-

98 2965 214 3017 mnanda
236 2967 392 3030 senseritis,
409 2974 524 3036 propter
543 2967 685 3036 diguitatis
706 2964 913 3036 amplitudinem
935 2963 1115 3026 condonetis,
1142 2963 1191 3024 scd

99 3033 131 3086 ad
147 3033 348 3106 ignoscendum
375 3037 560 3089 inexorabiles
588 3039 656 3088 sitia.
701 3037 730 3087 Si
756 3045 848 3087 tomen
868 3037 978 3088 inter'm
997 3034 1061 3084 cium
1079 3051 1122 3084 nre
1141 3033 1191 3084 dc-
1226 3029 1230 3038 “

97 3103 192 3170 tendo,
218 3123 301 3158 aruns
321 3109 557 3178 meuwiniquum
575 3115 603 3158 et
622 3107 761 3176 periurum
779 3105 942 3169 ostendero,
969 3105 1042 3178 quod
1078 3104 1189 3154 nonnisi

98 3177 252 3228 necessario
274 3177 390 3240 faciem,
411 3178 563 3248 (nunquam
583 3179 657 3228 eninr
674 3177 768 3227 volens
787 3176 895 3246 aliquid
914 3177 969 3228 tale
989 3175 1105 3226 dicerem
1115 3175 1132 3246 ,)
1154 3191 1190 3225 ne

98 3261 154 3300 eam
172 3249 329 3306 orationem
346 3246 428 3312 mihi,
447 3247 495 3300 scd
514 3247 666 3300 conditioni
685 3245 767 3298 huius
784 3247 889 3316 negotii
908 3244 1118 3298 adtribueudurn
1136 3262 1190 3314 pu-

97 3320 175 3381 tetis,
191 3333 264 3370 neve
283 3333 317 3368 ex
336 3319 383 3371 itta
401 3318 568 3380 decernatis,
588 3335 680 3370 verum
699 3317 768 3369 mihi
787 3319 908 3379 iudices,
937 3317 979 3368 ilii
999 3315 1187 3367 tantummodo

97 3387 237 3440 auditores
256 3387 384 3440 sedeatis.
428 3391 463 3442 Et
482 3393 547 3459 quia
568 3405 611 3440 rne
628 3388 793 3456 respondere
821 3389 959 3452 iussistis,
984 3405 1026 3438 ros
1053 3388 1188 3456 postulet,

98 3465 130 3510 ut
150 3466 324 3511 accusatores
344 3462 459 3512 erimina
485 3461 560 3526 prius
579 3461 607 3510 in
625 3460 746 3510 medium
764 3457 917 3522 adducant,
946 3475 1000 3528 quo
1020 3457 1054 3508 ad
1082 3457 1189 3526 singule

98 3529 191 3582 urdine
212 3529 400 3598 respondeam.
438 3531 574 3582 Hactenus
591 3531 745 3598 imperator.
782 3530 890 3582 ludices
910 3529 982 3580 dictu
996 3527 1189 3596 probaverunt,

97 3599 348 3670 mandaveruntque
367 3599 489 3668 Niphoni
519 3609 547 3653 et
572 3600 687 3663 Ciidne,
719 3603 900 3653 accusationis
926 3601 1013 3668 capita
1039 3597 1125 3648 sibiet
1145 3615 1189 3646 se-

96 3669 172 3721 niore
200 3669 306 3723 tradita
335 3671 535 3740 depromerent.
581 3672 624 3723 lili
650 3671 817 3738 prodeuntes
841 3672 870 3722 in
899 3671 1019 3720 medium
1047 3669 1189 3736 sigillatim

98 3741 189 3794 nuruis
207 3751 431 3811 percensuerunt
468 3741 511 3794 Ad
529 3759 598 3812 quae
616 3760 677 3793 eum
696 3741 883 3810 respondisset
897 3742 1053 3806 imperator,
1073 3737 1189 3799 intirma,

102 3809 221 3874 ineerta,
243 3829 299 3863 nou
318 3829 352 3866 ex
370 3813 451 3865 rebus
470 3812 536 3882 ipsis
564 3812 697 3874 deducta,
721 3811 798 3863 nulio
821 3819 892 3861 teste
916 3809 1050 3866 nitentia,
1080 3807 1127 3856 scd
1156 3823 1190 3855 ex

97 3879 172 3933 inani
189 3883 285 3950 potius
302 3901 346 3936 aus
368 3883 474 3944 ieiune,
495 3899 575 3954 quarn
594 3899 627 3935 ex
644 3897 710 3938 vero,
729 3883 860 3944 eudocia,
879 3885 1064 3949 apparuerunt
1087 3877 1189 3930 omnia.

98 3949 139 4001 ΑιΙ
171 3961 326 4006 extremum
345 3901 398 4006 όοο
425 3955 537 4005 aliatum
557 3961 613 4016 cst,
641 3956 671 4005 in
697 3953 892 4015 iureiurando,
929 3967 982 4019 quo
1010 3963 1064 4017 μοι
1097 3947 1188 3996 sanei-

98 4027 125 4072 tc
143 4023 199 4084 sit,
226 4021 278 4077 hoc
304 4026 389 4077 etism
414 4023 544 4091 seriptum
571 4025 671 4087 fuisse,
700 4041 784 4094 penes
818 4039 895 4074 avium
919 4019 1108 4089 imperatorem
1130 4031 1189 4066 csse

98 4091 200 4146 debere
217 4101 307 4146 totum
325 4095 468 4162 imperium
485 4103 515 4148 et
532 4097 681 4148 rectionem
701 4095 758 4146 eius
769 4132 778 4158 ,
807 4095 897 4162 ipsum
917 4093 941 4142 ei
961 4089 1061 4141 subiici
1080 4093 1107 4137 et
1129 4087 1188 4136 eiua

98 4161 170 4215 iussn
188 4165 322 4218 facessere
341 4173 485 4235 oportere:
522 4167 569 4236 qui
591 4173 684 4218 eontra
706 4165 821 4227 fecerit,
843 4165 981 4234 periurum
1002 4177 1033 4210 oc
1056 4157 1187 4208 iniustum

98 4231 165 4288 fore·
203 4236 249 4290 Tu
265 4235 376 4299 autem,
388 4237 530 4306 inquiunt,
549 4253 640 4309 neque
658 4237 688 4290 id
707 4237 761 4288 tibi
780 4235 965 4287 committente
979 4247 1068 4302 neque
1085 4227 1188 4281 sciente
