3074 4934
477 298 763 370 u1s‘ronunuu
793 305 833 368 τι.
854 310 884 376 ι.
1131 275 1215 362 3ιό

137 450 243 534 ζητῶν,
272 454 327 518 καῖ
341 451 413 520 τότε
435 453 555 533 πάντας
581 453 666 540 doris
679 457 719 542 τῇ
735 459 832 544 σκηνῇ
854 456 955 546 ταύτῃ
974 462 1363 548 oopmamatv-s.c.1sao
1442 453 1444 458 ’

134 571 194 630 τας,
216 549 329 634 μικρόν
349 549 501 636 έπισχων,
526 551 718 639 ,,τι’παδών,
745 549 1026 646 οδΚαβαλλιὲριε”
1047 553 1115 625 εἶπε
1142 581 1219 642 „ro-

133 650 228 712 σαῦτα
244 643 379 737 δβρικας
393 653 449 750 καί
460 649 542 738 πρὸς
557 653 699 741 παρόντα
705 681 717 736 ς
734 648 775 740 ἦν
791 653 853 740 γὰρ
874 649 913 722 ἅν
928 681 977 733 τις
996 655 1074 744 πρὸς
1096 651 1217 723 εἰπόντα

131 750 293 830 γινομένων
314 751 380 817 τῶν
406 747 534 838 ὕβρεων
553 749 752 838 συγγνωμη.”
789 752 859 820 ὅδὲ
881 753 944 821 sini
967 758 1024 840 τῆς
1043 759 1102 822 τοῦ
1122 761 1218 840 βασι-

115 845 205 923 5λέως
221 851 329 935 φωνῆς
349 849 579 936 καταπλαγεὶς,
604 854 650 930 εἰς
669 857 729 939 γῆν
750 878 786 919 τε
804 857 971 922 κατέπεσεν
990 851 1090 933 εὖδδς
1107 853 1163 921 καλ
1176 859 1219 942 τῇ

131 942 233 1030 γῇτην
250 947 393 1034 κεφαλὴν
406 949 657 1038 προσαράσσων,
676 951 886 1039 προσδόκιμος
901 946 940 1039 ἦν
960 955 1016 1020 καί
1029 953 1088 1039 τη“ν
1105 953 1218 1039 ψυχὴν

130 1036 254 1128 ἀφεῖναι
276 1041 339 1110 ὑπὸ
368 1049 477 1126 δέους.
507 1045 604 1116 πάλιν
628 1052 665 1117 δὲ
680 1045 698 1116 ὁ
711 1050 862 1134 βασιλεὺς
876 1051 1009 1139 σιγήσας
1030 1055 1084 1140 tp’
1100 1049 1218 1134 ἱκανόν,

129 1139 179 1208 τὸν
194 1144 332 1231 Μάρτιον
349 1149 491 1216 ἐκέλευεν
505 1149 696 1238 ἀναστῆναι.
725 1146 744 1217 o‘
762 1153 799 1220 δὲ
815 1149 877 1220 εἴτε
893 1153 950 1220 καῖ
964 1155 1029 1218 τῶν
1044 1155 1219 1236 λεγομένων

130 1233 183 1306 cdx
199 1241 447 1328 αἰσθανόμενος,
473 1244 538 1316 εἴτε
552 1245 609 1317 καῖ
619 1247 667 1338 μῆ
686 1246 861 1333 δυνάμενος
884 1251 1057 1337 ἀναστῆναι
1077 1247 1140 1316 sini
1160 1250 1220 1316 rod

41 1429 43 1436 y
99 1339 214 1421 ιοδέους
229 1343 383 1429 mininie,
402 1350 441 1437 τῇ
457 1351 499 1437 γῇ
515 1351 800 1436 προσεκυλινδεῖτο,
818 1348 900 1436 μήθ’
918 1347 1002 1438 δροῖν
1020 1349 1100 1436 μήτε
1118 1353 1220 1435 φθεγ-

126 1439 248 1524 γόμενος
258 1446 379 1530 μηδέν.
398 1445 552 1532 βασιλεδς
567 1449 598 1514 δ’
612 1444 765 1534 ἐσήμαινε
777 1451 816 1538 τῇ
829 1450 918 1536 χειρὶ
932 1448 1008 1527 τούς
1028 1450 1250 1532 κατέχονταςρ,
1259 1461 1312 1531 γης

126 1539 261 1632 δνιστηῖν·
282 1541 393 1632 ἐπειδη
412 1548 450 1614 δέ
468 1541 594 1633 ἀνέστη,
614 1545 855 1636 ἐπανέρχεσθαί
867 1573 903 1616 τε
919 1548 1062 1617 ἐκέλευεν
1081 1549 1126 1626 εἰς
1142 1545 1219 1614 ἐαυ-

124 1635 176 1704 τὸν
194 1645 430 1731 καίσιροσέχειν
445 1655 514 1724 τοῖς
531 1645 728 1730 λεγομένοις.
750 1641 819 1716 εἶπέ
838 1670 872 1717 τε
895 1645 976 1735 πρὸς
997 1643 1095 1714 αὖτόν
1115 1646 1133 1712 a‘
1156 1649 1219 1730 βα-

124 1740 238 1818 σιλεύς·
269 1739 329 1826 „ab
344 1745 404 1827 μέν
422 1745 601 1812 δεδοικέναι
620 1739 676 1814 καὶ
690 1748 820 1834 τρέμειν
833 1745 890 1814 κατ’
907 1745 947 1812 τὰ
969 1743 1133 1814 δεινότατα
1149 1741 1220 1824 πεῖ·

93 1835 233 1906 stratas
248 1845 444 1932 προσδοκᾷν,
460 1843 596 1912 ’δίκαιόν
620 1868 655 1912 τε
677 1843 761 1929 duod
780 1845 837 1911 καί
861 1841 915 1912 σοι’
932 1847 1107 1932 προσῆκον·
1144 1837 1253 1924 ἄξιαν,
1266 1861 1317 1937 ¹⁵7

122 1936 179 2026 γὰρ
195 1941 342 2028 ἐφθέγξω
356 1946 482 2010 πολλῶν
499 1947 682 2030 τιμωριῶν.
714 1943 776 2028 ἒγιδ
796 1946 833 2011 δὲ
849 1946 980 2034 ἐμαυτῷ
998 1943 1098 2010 πολλὰ
1113 1966 1219 2009 συνει-

123 2036 182 2116 διδς
197 2039 279 2128 πρὸς
300 2039 356 2108 τὸν
375 2039 522 2110 ἁπάντων
540 2041 652 2131 κδριον
667 2043 723 2112 καί
741 2045 876 2130 βασιλέα
900 2041 1126 2129 ἡμαρτημένα,
1165 2044 1222 2133 καῖ

122 2137 265 2222 διέμενος
282 2138 472 2229 συγγνώμης
492 2137 598 2230 ὥσπερ
618 2142 675 2210 καὶ
689 2141 729 2211 osi
749 2146 825 2226 νῦν,
844 2146 966 2228 μᾶλλον
984 2145 1020 2208 δὲ
1044 2140 1100 2206 κατ’
1114 2143 1220 2206 πλεῖο-

122 2260 171 2316 νος
193 2243 315 2328 πολλῷ,
337 2237 402 2332 ὅσῳ
420 2240 531 2309 troiad
546 2240 754 2332 ἡμαρτημένα
770 2245 888 2331 χείρω,
910 2245 966 2310 καί
984 2237 1023 2306 αὖ
1047 2238 1126 2328 πρὸς
1146 2238 1221 2306 σύν-

88 2339 230 2407 Ἇῡδαυλον
259 2335 366 2426 οἵσπερ
392 2339 433 2408 ad
445 2393 456 2426 ‚
490 2343 561 2410 ἀλλ’
588 2347 634 2420 εἰς
656 2339 714 2410 adv
739 2347 775 2409 έκ
794 2341 841 2429 μὴ
867 2334 966 2410 ὄντων
990 2338 1266 2427 παραγαγόντα8’

121 2437 376 2526 προσκεκρουκώς
400 2440 456 2506 καλ
478 2439 624 2525 δεόμενος
639 2446 697 2509 καῖ
720 2437 817 2520 αὐτὸς
842 2445 952 2524 ἐλέου,
974 2435 1101 2530 ἀφίημί
1116 2463 1151 2504 τε
1177 2438 1217 2504 τὰ

121 2536 324 2624 ἡμαρτημένα
346 2563 399 2606 σαι
413 2539 471 2606 καὶ
481 2541 670 2627 συγγνώμην
684 2546 837 2628 παρέχω.
858 2545 950 2608 δυοῖν
968 2545 1004 2609 δὲ
1018 2543 1108 2607 ἕνεκα
1124 2537 1161 2605 τὸ
1181 2539 1219 2604 σέ
1259 2578 1263 2586 ·
1351 2566 1359 2579 ·

121 2659 154 2700 τε
169 2636 274 2724 εὑρεῖν
291 2636 347 2704 κατ’
358 2641 477 2706 ἐνθάδε
496 2642 626 2726 ἀγαγεῖν
645 2643 846 2728 ἐποιησάμην
859 2640 935 2729 περι*
950 2638 1118 2708 πλείστου·
1146 2632 1218 2716 ἑνδς

121 2737 187 2818 μὲν,
208 2739 249 2803 ἵν’
265 2739 301 2804 ἐκ
320 2740 384 2804 τῶν
405 2733 578 2824 γινομένων
595 2739 625 2808 αἱ
645 2739 758 2806 πολλοὶ
774 2741 1033 2828 σωφρονισθῶσι,
1053 2735 1097 2822 μὴ
1116 2731 1218 2824 iapu-

88 2836 180 2924 κότιῖς
205 2831 384 2923 εἶναιπερὶ
407 2837 464 2926 τὴν
487 2842 633 2922 γλιδτταν
658 2843 742 2925 μηδὲ
767 2838 888 2930 ῥηιδίως
918 2836 1114 2926 ἐκφέρεσθαι
1139 2815 1219 2922 πρδς

122 3018 217 3074 inisti?
251 3039 315 3075 nam
339 3021 513 3076 contumeliis
530 3021 638 3076 absenti
662 3020 800 3093 impositis
819 3022 924 3092 ignosci
945 3021 1041 3092 possit.
1077 3019 1136 3073 llac
1150 3036 1217 3074 roca

121 3091 240 3146 Marcum
257 3093 365 3146 animus
381 3094 532 3166 relinquit:
557 3092 636 3146 bumi
655 3101 769 3162 repente
787 3093 862 3146 cadit
878 3099 907 3144 ot
923 3109 983 3146 earn
1000 3091 1090 3162 capite
1105 3091 1217 3161 pulsans

121 3165 297 3230 praetimore
315 3165 443 3234 spiritum
468 3163 591 3217 editurus
606 3165 764 3234 putabatur.
802 3165 951 3232 Imperator
971 3171 1034 3232 post
1053 3162 1162 3233 longius
1177 3163 1218 3213 si-

122 3231 237 3287 lentium
249 3237 385 3288 iacentem
401 3233 482 3288 iubet
494 3251 612 3305 surgere.
647 3235 684 3288 tt
697 3235 755 3297 ille,
773 3235 830 3288 sire
846 3233 979 3306 quianon
995 3231 1128 3287 audiebat
1144 3231 1219 3303 quod

122 3303 282 3370 dicebatur,
299 3306 357 3358 sire
376 3307 441 3377 quia
459 3307 556 3360 solutis
575 3322 677 3374 pavore
692 3305 822 3359 membris
840 3321 950 3375 surgere
970 3310 1074 3356 eterra
1095 3320 1152 3357 non
1168 3321 1217 3356 ra-

121 3373 209 3440 lebat,
226 3375 420 3439 volutabatur,
438 3393 489 3430 nae
508 3376 602 3431 oculos
621 3375 765 3446 aperiens,
782 3393 834 3430 neo
853 3376 966 3428 verbum
987 3376 1124 3432 emittens.
1160 3375 1217 3426 lm·
1269 3401 1273 3414 .

120 3453 229 3514 perator
246 3447 448 3516 apparitoribus
467 3464 548 3500 manu
566 3447 674 3516 signum
692 3445 750 3511 dat,
766 3447 808 3500 uti
826 3463 889 3500 eum
909 3447 1050 3500 attollant:
1068 3445 1218 3509 sublatum,

122 3524 153 3567 ut
170 3533 199 3569 se
218 3518 331 3588 colligat
349 3525 378 3569 et
401 3515 483 3571 dictis
500 3526 621 3571 mentem
641 3516 789 3583 adhibeat,
814 3515 940 3571 hortatur
960 3526 988 3570 et
1006 3519 1126 3571 siceum
1147 3516 1219 3568 allo·

121 3586 231 3656 quitur:
269 3587 352 3657 Quod
380 3589 484 3658 pavitas
513 3598 542 3642 et
564 3588 657 3641 tremis
677 3591 889 3660 gravissimaque
907 3595 1043 3642 tormenta
1061 3593 1218 3656 exspectas,
1247 3625 1253 3634 .

121 3655 150 3708 id
168 3655 243 3727 quod
263 3673 380 3729 aequum
397 3668 426 3712 et
444 3667 472 3713 te
492 3657 604 3730 dignum
623 3665 681 3723 est,
700 3661 786 3714 iacis:
802 3661 896 3712 multis
912 3677 977 3712 nam
998 3675 1033 3711 ue
1050 3656 1219 3712 cruciatibus

120 3725 221 3781 luenda
239 3729 441 3798 exprompsisti.
476 3730 532 3800 Ego
549 3746 614 3784 vero
633 3729 687 3800 ipsi
705 3730 776 3786 mihi
792 3732 941 3782 multorum
959 3678 1086 3782 adversus
1107 3729 1219 3780 unirer-

121 3813 211 3852 sorum
233 3799 374 3854 dominum
390 3800 636 3872 imperatoremque
654 3798 834 3855 admissorum
852 3801 994 3862 conscius,
1012 3800 1091 3851 ilium
1107 3796 1219 3850 aenium

121 3868 349 3938 quemadmodum
369 3876 400 3922 tu
426 3889 501 3924 nune
528 3888 588 3934 mc,
615 3873 751 3942 rogitans,
778 3888 810 3924 ac
832 3878 909 3923 tanto
937 3869 1050 3940 quidem
1075 3868 1218 3929 maiorem,
1254 3868 1255 3873 ’

121 3943 321 4012 quantomagis
334 3939 442 4013 deliqui
456 3959 516 4012 ego,
532 3941 582 4014 qui
595 3959 653 3994 non
662 3957 825 3995 conservum
837 3940 880 3992 uti
895 3946 937 4002 tu,
955 3939 1005 3992 sed
1022 3955 1093 4000 eum,
1108 3938 1156 4008 qui
1173 3953 1218 3990 me
1315 3941 1319 3948 “

123 4026 138 4061 e
155 4010 245 4064 nihilo
264 4011 404 4074 condidit,
423 4012 527 4064 offendi
543 4011 653 4065 etmihi
670 4028 781 4084 quoque
799 4017 832 4066 ut
849 4012 1007 4080 ignoscatur
1019 4010 1150 4070 obsecro,
1171 4015 1220 4064 tua

123 4079 174 4132 tibi
189 4089 299 4150 peecata
312 4082 438 4137 condono
454 4090 483 4135 et
497 4083 617 4154 ignosco.
653 4081 768 4135 Duabus
783 4098 865 4152 porro
882 4080 917 4132 de
933 4082 1021 4133 causis
1033 4078 1219 4149 conquisitum

122 4147 177 4202 huo
191 4151 290 4206 adduci
309 4154 494 4222 maximopere
512 4155 674 4223 concupivi:
702 4169 773 4216 una,
798 4160 830 4203 ut
847 4149 929 4207 multi
946 4157 995 4203 tuo
1015 4149 1142 4220 exemplo
1162 4149 1219 4202 liu-

124 4236 191 4298 guae
208 4224 341 4296 imperare
358 4224 513 4288 discerent,
530 4242 583 4281 σοι
600 4223 682 4284 facila
698 4223 732 4284 ad
747 4221 849 4294 probra
868 4238 897 4276 re
917 4220 1108 4286 effunderent,
1134 4217 1219 4292 itque
