3056 4922
320 255 404 341 228
698 271 982 386 mutatinum

174 446 238 506 tc.
251 447 315 520 ¹³²⁷
325 438 415 504 τοῦτο
429 438 495 518 Ιμέν
514 430 730 518 adseveratur
749 419 769 516 ᾗ
789 429 944 516 προσῆκεν
965 421 1075 508 εἶληχε·
1089 417 1195 502 τάξιν,
1221 413 1275 482 καί
1290 413 1331 482 τά
1348 417 1406 498 μέν

323 535 465 622 ἡμέτερα
484 531 561 619 ἔργα
581 535 638 616 τῆς
656 531 813 613 βασιλέως
833 523 999 612 ἐξεῤῥάηκε
1018 523 1143 607 μνήμης
1160 519 1337 592 παντελῶς·
1361 509 1408 591 οἷς

327 637 363 699 δὲ
384 631 475 720 ἔργον
494 632 649 713 ἐπιμελὲς,
669 629 753 714 ἡμᾶς
774 623 922 713 άλλήλοις
942 622 1178 706 διαβάλλοντας,
1198 622 1239 705 τῇ
1254 618 1339 703 κοινῇ
1356 620 1408 678 λο-

299 732 498 817 Βμαίνεσθαι
514 727 680 812 Ῥωμαιδνν
699 728 904 815 εὐδαιμονίη,
935 734 1002 800 τοῖς
1022 720 1126 804 λόγοις
1144 718 1302 802 κατάκρας
1321 712 1408 794 ἑάλω,

324 833 361 897 τί
374 824 523 915 λοιπδνῆ
555 825 682 916 σφόδρα
700 830 761 908 μὲν
782 828 919 910 ἀλγῆσαι
939 827 991 910 ἐφ’
1021 817 1069 899 οἷς
1089 824 1163 906 παρ’
1185 819 1277 894 άξίαν
1294 810 1426 898 drogas

326 926 510 1014 συγγνώμην
539 931 574 994 δὲ
602 923 682 1013 πρδς
707 923 828 1011 πατρὸς
854 923 989 989 καὶτῶν
1011 922 1168 1004 διαβολῶν
1187 919 1278 984 ἕνεκα
1299 917 1411 993 αἰτεῖν,
1512 943 1513 986 ι

326 1019 358 1113 ἢ,
380 1029 416 1094 τά
432 1052 467 1112 γε
488 1024 645 1113 δεάτερον,
665 1022 804 1108 βάσανον
820 1025 876 1090 καί
890 1021 979 1108 δίκην
998 1023 1050 1109 ἐφ’
1066 1015 1113 1096 οἷς
1134 1018 1250 1093 άδάιτος
1268 1013 1415 1099 ἐγκαλοῦ-
1512 1009 1513 1102 i

327 1153 406 1210 μαις
435 1124 453 1192 δ
475 1126 514 1211 δὴ
536 1127 592 1190 καί
611 1127 768 1190 διετέλεσα
797 1126 912 1205 ποιῶν,
934 1125 980 1198 είς
999 1115 1166 1206 ἑξηκοστὴν
1185 1117 1278 1202 τήνδε
1298 1115 1415 1198 ἡμέραν
1512 1111 1513 1192 ξ

328 1222 427 1314 ἢκαί
444 1231 566 1310 μᾶλλον
585 1221 762 1312 ὑπαίθριος
789 1224 998 1308 ταλαιπωρῶν
1030 1217 1110 1301 μετά
1138 1214 1270 1282 τουτωνί
1296 1211 1416 1279 πάντων

329 1315 374 1392 οἷν
395 1320 472 1410 dyas,
493 1329 527 1392 ἐν
546 1321 613 1413 δέρη
633 1323 771 1406 μάλιστα
782 1327 957 1408 χειμῶνος,
977 1319 1119 1408 καθάπερ
1142 1316 1180 1404 δίη
1201 1316 1269 1384 ἴστε
1290 1313 1346 1379 καί
1362 1309 1450 1377 ari-ro

330 1427 389 1491 τοί.
411 1420 449 1510 ἦν
468 1424 528 1505 μὲν
548 1415 606 1490 σάν
627 1421 798 1510 κράτιστον,
820 1422 874 1487 ἐπί
892 1424 1049 1504 βασιλέως
1069 1421 1181 1501 edroi,
1200 1416 1354 1502 παρόντος
1368 1409 1418 1476 καί

329 1521 528 1610 πατριάρχου
550 1527 606 1589 καί
624 1526 681 1588 τοῦ
701 1525 806 1586 κοινοῦ
827 1524 890 1586 τοῖν
911 1522 1078 1602 Ῥωμαίων
1098 1515 1215 1593 παντὸς
1221 1568 1231 1598 ,
1261 1517 1417 1580 ποιεῖσθαι

299 1621 389 1700 (troie
410 1621 598 1706 ἀπολογίας,
626 1624 666 1688 ἵν’
688 1615 709 1707 ἢ
729 1619 896 1708 διαφυγών
916 1619 973 1698 τάς
993 1621 1117 1701 αἰτίας,
1137 1620 1217 1682 πάσι
1236 1609 1417 1696 καταστήσω

333 1725 490 1809 ἐμφανὲς,
523 1721 566 1798 ὥς
585 1712 756 1806 βιαιότατα
777 1724 834 1784 καί
853 1713 948 1786 άδικα
975 1719 1037 1784 ὑπὸ
1058 1722 1120 1786 τῶν
1141 1711 1419 1804 συκοφαντούντων

333 1823 501 1904 ὑπομένω,
522 1816 543 1907 ἢ
564 1819 661 1897 άλούς
680 1830 751 1898 ταῖς
770 1817 918 1886 ἁπάντων
929 1817 1061 1906 Ιψάφοις
1081 1819 1210 1900 α’δικιάν,
1233 1815 1349 1900 μηκέτι
1367 1803 1452 1876 δοῖ-15

335 1945 439 2002 νωμαι
458 1917 536 2006 πρὸς
557 1918 717 2002 άναβολάς
736 1901 853 2004 gaspaiv
873 1921 951 2004 μηδ’
967 1917 1078 2005 ἔφεσιν
1100 1919 1218 2002 ζητεῖν,
1246 1913 1292 1992 ὥς
1309 1905 1332 1997 ἢ
1351 1907 1421 1995 πρὸς

334 2018 430 2108 χάριν
460 2013 481 2102 ἢ
510 2018 586 2104 πρὸς
615 2018 807 2104 φιλονεικίαν
832 2014 896 2082 sind
924 2018 989 2082 τῶν
1018 2017 1212 2082 δικασάντων
1243 2029 1422 2096 καταψηφι-

336 2115 440 2198 udaie,
469 2114 551 2180 άλλά
571 2114 628 2200 την
646 2116 736 2194 άξίαν
760 2115 848 2200 δίκην
870 2117 933 2180 δοῖ.
973 2114 1081 2201 ἐπειδὴ
1103 2117 1138 2180 δὲ
1160 2109 1241 2178 οὕτω
1262 2115 1330 2178 δεῖν
1347 2105 1423 2174 εἶναι

336 2217 474 2300 κέκρικεν
493 2213 510 2277 ά
530 2212 690 2297 βασιλεύς,
709 2213 848 2299 χάριτας
867 2217 926 2296 μὲν
942 2205 1060 2291 πολλάς
1079 2213 1222 2296 ὁμολογῶ
1238 2215 1283 2300 τῷ
1304 2208 1424 2274 πάντων

335 2309 537 2396 βασιλεύοντι
556 2318 631 2401 θεῷ,
653 2309 704 2377 δ’τι
724 2312 835 2400 καιρὸν
855 2317 1013 2401 παρέσχεν
1035 2316 1223 2398 άπολσγάιις,
1253 2306 1319 2395 οάχ
1337 2301 1456 2395 ἧττοννῠ

339 2413 374 2477 δὲ
391 2419 521 2495 βασιλεῖ
535 2437 569 2478 τε
589 2411 645 2476 καί
662 2413 866 2501 πατριάρχη,
899 2418 942 2503 τῷ
959 2418 1019 2496 μὲν
1038 2415 1183 2480 πείσαντι
1203 2411 1259 2497 τὴν
1280 2411 1424 2494 ἐξέτασιν,

339 2515 383 2601 τῷ
404 2515 440 2576 δὲ
467 2515 648 2578 πεισθέντι·
677 2512 745 2581 ,καί
763 2510 838 2596 ὑμῖν
858 2523 924 2590 τοῖς
951 2511 1136 2601 ἀφιγμένοις
1175 2517 1265 2578 ἓνεκα
1294 2513 1357 2577 τῶν
1376 2506 1426 2573 πά-

312 2627 425 2679 Βνων.
445 2613 559 2694 δέομαι
580 2614 615 2677 δὲ
636 2609 744 2696 δμοῖν,
764 2612 810 2698 μὴ
831 2613 876 2690 uic
895 2619 1026 2698 βασιλεῖ
1040 2637 1099 2696 μοι
1118 2616 1285 2700 προσέχειν
1305 2613 1358 2677 ἐντί
1376 2611 1427 2692 τῆς

344 2798 409 2869 quia
426 2797 494 2851 haec
510 2815 597 2862 secus,
614 2817 695 2872 quam
709 2799 820 2871 dignum
842 2800 905 2865 fuis,
928 2808 1097 2866 evenerant,
1171 2797 1248 2884 eque}
1265 2799 1379 2852 fecimus
1396 2810 1427 2846 ex

344 2872 435 2920 auimo
451 2872 494 2922 avi
514 2872 624 2940 penitus
639 2871 822 2936 effluxerunt;
843 2889 959 2944 quorum
979 2881 1071 2924 autem
1086 2873 1114 2922 in
1137 2873 1220 2923 ustria
1235 2871 1263 2922 in
1284 2887 1318 2922 eo
1333 2882 1425 2921 consa·

344 2939 437 3001 initur,
458 2950 489 2992 ut
505 2942 619 2994 alterum
631 2952 753 2998 nostrum
776 2944 848 3012 apud
865 2944 982 2996 alterum
1001 2945 1031 2993 in
1047 2941 1180 2994 invidiam
1202 2940 1326 2992 vocando
1358 2953 1425 2990 conr·

345 3011 422 3062 muni
442 3015 621 3064 Romanorum
639 3014 766 3064 felicitati
779 3016 929 3082 perniciem
950 3019 1064 3074 struant,
1086 3029 1178 3064 eorum
1192 3010 1343 3063 mendaciis
1357 3025 1427 3077 pror-

345 3098 390 3132 sus
408 3083 530 3142 irretitus
547 3092 600 3146 ests
617 3082 685 3153 qnid
704 3084 919 3154 relinquebatur,
939 3085 994 3136 nisi
1007 3091 1038 3136 ut
1052 3085 1096 3134 vel
1111 3083 1205 3152 angori
1228 3099 1271 3132 me
1293 3079 1426 3138 dederim,

345 3153 375 3202 in
395 3153 531 3204 miseriam
551 3155 686 3208 immerito
710 3171 770 3206 meo
785 3157 991 3224 praecipitatus,
1007 3157 1172 3224 veniamque
1188 3171 1204 3204 a
1225 3161 1322 3222 patre,
1340 3165 1426 3222 quam-

345 3239 424 3292 quam
439 3225 519 3274 meris
530 3225 674 3276 calumniis
688 3234 868 3294 oppugnatus,
884 3223 1027 3294 peterem?
1044 3231 1091 3276 aut
1101 3233 1174 3276 certe
1186 3231 1299 3292 propter
1312 3239 1352 3285 ea,
1365 3233 1427 3292 quae

344 3291 415 3343 milri
433 3293 502 3342 falso
527 3295 703 3360 affinguntur,
727 3313 840 3348 examen
865 3314 896 3348 ac
918 3293 1072 3347 indicium?
1089 3293 1171 3364 Quod
1188 3296 1268 3346 etiam
1286 3295 1355 3356 feci,
1378 3293 1426 3341 iana
1492 3350 1496 3363 .

300 3395 303 3410 .
343 3363 405 3432 plus
423 3365 616 3430 sexagesimum
638 3363 711 3416 diem
725 3366 774 3417 sub
791 3366 837 3420 dio
856 3383 917 3428 eum
939 3365 982 3418 hia
1002 3365 1137 3428 omuibus,
1152 3383 1220 3436 quos
1238 3363 1323 3427 duco,
1342 3361 1427 3412 hiber·

346 3435 389 3484 nis
410 3433 548 3486 mensibus
565 3435 734 3488 incommoda
750 3439 906 3506 perferens,
926 3435 1001 3508 quod
1017 3453 1068 3487 uec
1091 3451 1138 3487 vos
1160 3436 1281 3487 nescitis.
1329 3433 1427 3485 Fuisset

348 3504 501 3571 optimum,
521 3505 703 3573 imperatore,
724 3509 878 3577 patriarcha
897 3515 1010 3577 totoque
1024 3509 1142 3558 Romano
1157 3507 1260 3576 populo
1281 3499 1426 3576 praesenti·

349 3575 410 3632 ltut·
429 3573 616 3628 defensionem
630 3593 768 3648 peragere,
786 3587 817 3629 ut
834 3581 878 3630 rel
891 3579 1031 3630 absolutus
1046 3575 1211 3630 declararem
1232 3576 1367 3635 omnibns,
1388 3583 1426 3620 me

350 3645 385 3696 ab
404 3646 463 3696 istis
481 3646 655 3716 sycophantia
672 3649 860 3720 indignissime
877 3649 988 3714 violari;
1007 3648 1050 3699 vel
1067 3649 1177 3701 sceleris
1190 3647 1312 3699 omniurn
1327 3639 1426 3696 calculis

351 3715 563 3779 condemnatus,
587 3737 642 3770 uon
661 3721 733 3772 ultra
750 3721 954 3788 ampliationem
973 3735 1130 3790 quaererem
1149 3735 1240 3792 neque
1254 3727 1427 3787 provocarem,

351 3790 429 3858 quasi
447 3805 462 3838 a
479 3787 617 3840 iudicibus
632 3791 730 3842 autad
749 3793 862 3860 gratiam
883 3798 931 3841 ant
946 3807 980 3842 cx
1002 3791 1185 3844 aemulatione
1207 3789 1361 3848 damnatus,
1385 3778 1428 3833 κδ

353 3876 420 3927 quas
440 3861 658 3912 commeruissem
677 3879 779 3930 poenas
792 3862 961 3913 sustinerem.
999 3861 1052 3912 Sed
1067 3863 1133 3932 quia
1148 3862 1187 3911 sic
1205 3859 1336 3930 placitum
1351 3858 1428 3922 impe·

258 3958 263 3974 =
353 3929 446 3992 tutori,
464 3947 574 3999 magnas
588 3934 777 3984 universorum
792 3932 949 3999 imperatori
964 3931 1033 3994 Deo,
1051 3934 1099 4004 qui
1111 3931 1267 3984 defensioni
1278 3945 1352 3982 meae
1367 3925 1428 3976 hanc

353 4001 589 4069 opportunitatem
607 4003 727 4067 obtulit,
753 4019 804 4055 nec
829 4004 920 4055 minus
941 4005 995 4074 ipsi
1023 4019 1072 4054 aro
1097 4012 1125 4056 et
1144 3999 1314 4072 patriarchae
1340 3995 1427 4068 gratias

352 4087 418 4139 ago:
437 4069 519 4134 huic,
537 4071 611 4141 quod
626 4082 721 4127 auctor
730 4073 804 4136 fuit,
822 4083 854 4126 ut
874 4075 957 4128 resin
981 4073 1163 4157 inquisitione
1209 4079 1350 4134 oneretur3
1374 4062 1428 4126 ilfi,

354 4139 429 4212 quod
441 4141 495 4194 sibi
511 4141 541 4194 id
560 4159 653 4211 passus
670 4152 712 4197 est
727 4144 902 4216 persuaderi:
923 4144 1002 4198 robis
1015 4151 1100 4208 rtem,
1124 4144 1172 4218 qui
1188 4091 1242 4195 due
1258 4132 1428 4212 itersuscepi3

353 4212 422 4278 stis,
439 4210 474 4266 de
486 4210 581 4267 labore
596 4221 695 4269 vestro
730 4215 822 4272 teum
835 4225 928 4272 antem
947 4221 1069 4287 rogatos,
1086 4231 1124 4271 nc
1138 4215 1169 4270 in
1183 4213 1237 4270 lsoc
1250 4211 1351 4268 iudicio
1367 4202 1426 4262 mu
