3074 4946
360 327 446 432 420
666 357 672 370 ·
763 342 1049 416 cmrsemmr

212 513 419 594 &Cotsosoi
444 502 494 585 σός
516 501 691 589 ἐπαυσάμην·
716 501 792 592 περὶ
814 500 962 568 πλείστου
988 494 1148 587 μὴμόνον
1166 497 1332 585 άνὴκεστσν
1352 497 1430 564 οδδλν

335 611 411 684 Brit
431 603 527 672 αὐτὸν
546 607 626 672 ἰδεῖν
642 600 755 685 ἐλθόν,
776 600 857 668 άλλά
877 599 933 666 καί
951 605 1008 686 τῆς
1028 601 1132 684 άρχῆς
1146 605 1272 685 κρατεῖν
1292 601 1343 663 καί
1359 596 1431 684 παρά

363 711 443 774 πᾶσι
471 705 526 769 καί
557 702 784 786 θαυμάζεσθαι
810 702 866 765 καί
885 703 1103 780 ἐπαινεῖσθαι,
1125 697 1242 762 ου’δένα
1262 723 1317 778 μοι
1333 699 1434 780 μᾶλλον

360 797 436 892 ἢσέ
457 803 562 886 οἴομαι
583 804 772 868 συνειδέναι.
813 797 867 864 xus*
887 795 938 864 ὅτε
967 800 1027 894 γάρ
1058 801 1116 862 τοῦ
1142 795 1222 882 πρὸς
1242 797 1389 881 ἀλλήλους
1405 793 1436 858 ό-

359 907 432 988 μσῖν
460 905 599 986 μάλιστα
630 903 792 989 φυομένου
823 902 964 979 πολέμου
995 893 1232 982 ἐβουλευόμεθα
1259 895 1332 982 περὶ
1346 897 1398 961 τοῦ
1419 886 1449 980 ,il

357 1000 423 1090 χρὴ
444 997 499 1068 τόν
516 1000 654 1084 πόλεμον
679 1002 875 1081 διαθέσθαι,
905 1001 967 1063 τῶν
994 991 1099 1063 ἄλλων
1126 995 1364 1080 παραινούντων
1384 995 1437 1078 ε”ιρ-

359 1127 442 1190 γειν,
465 1094 485 1186 ἢ
506 1105 562 1166 καί
581 1097 824 1181 ἀποκτιννύναι,
845 1100 901 1164 καί
920 1093 1014 1187 όλέγιρ
1032 1092 1137 1186 χρόνῳ
1150 1099 1274 1162 πολλῶν
1292 1090 1438 1160 άπυλλάι-

361 1207 476 1268 τεσθαι
503 1198 717 1287 πραγμάτων,
747 1192 843 1264 οἶσθα
872 1195 975 1264 ὁπόσα
1004 1195 1221 1285 φιλάνθρωπα
1248 1193 1347 1272 αὐτός
1364 1193 1439 1260 τεέ-

360 1300 527 1386 βουλεάσω
549 1299 623 1386 περὶ
635 1293 747 1384 orituri,
768 1295 855 1382 κάγιό
877 1307 1027 1364 συνεῖπον
1040 1297 1216 1382 προθόμως
1235 1297 1291 1362 καί
1307 1291 1343 1360 τό
1359 1296 1439 1378 μέρος

361 1397 690 1488 συγκατειργασάμην.
731 1397 787 1462 καὶ
805 1396 914 1483 ἐπειδὴ
936 1397 1016 1484 πρός
1046 1393 1103 1462 τόν
1123 1393 1261 1478 πόλεμον
1281 1391 1468 1460 κατασιάν-ιο

362 1525 412 1578 τες
429 1497 672 1586 περιεγενόμεθα
695 1493 799 1562 αότοῦ
819 1501 874 1563 καί
894 1493 980 1574 άπαξ
1007 1499 1064 1561 καί
1083 1498 1152 1578 δι’ς,
1175 1489 1271 1560 οἶσθα
1292 1490 1367 1578 ὅσην
1385 1495 1443 1558 ἐπε-

364 1598 537 1681 δειξάμεθα
561 1595 637 1684 περὶ
655 1595 757 1662 αὐτόν
778 1597 835 1662 καί
853 1594 912 1682 τὴν
939 1589 1066 1661 εόνοιαν
1085 1599 1141 1661 καί
1167 1591 1225 1679 τὴν
1244 1595 1328 1659 otto
1347 1594 1381 1658 ἐκ
1397 1593 1444 1673 με’-

332 1714 429 1770 cumr
450 1694 686 1783 ἐξαρπάσαντος
714 1698 777 1763 τῶν
807 1696 971 1763 κινδύνων·
991 1695 1047 1760 καί
1067 1690 1104 1790 οὗ
1133 1693 1230 1778 μόνον
1245 1695 1280 1760 ἐν
1302 1685 1445 1780 άσφαλεέρ

363 1797 631 1884 καταστήσαντες,
653 1790 733 1862 άλλά
753 1794 810 1862 καί
827 1793 885 1882 τὴν
905 1795 979 1882 πρόν
999 1789 1224 1880 εόδαιμονίαν,
1245 1789 1306 1860 όσα
1325 1818 1360 1879 γε
1377 1793 1447 1875 ἐξῆν,

365 1895 558 1988 φυλάξαντες
579 1897 686 1987 αὐτῷ,
706 1900 770 1962 ταῖν
790 1889 894 1962 άλλων
914 1893 1065 1964 ἁπάντων
1083 1897 1324 1980 βουλευομένων
1347 1891 1475 1960 cisami

364 1999 419 2066 τιόι
447 2001 503 2063 καί
529 2000 685 2080 δεομένων
713 1999 884 2064 πείθεσθαι
913 1992 1030 2074 αότσῑς.
1087 1994 1137 2061 διό
1165 2020 1208 2079 με
1239 1991 1317 2061 οέδὲ
1338 1993 1450 2060 οἴεσθαι

362 2095 428 2184 χρὴ
441 2122 512 2164 τινα
524 2095 681 2186 άπεχθεόρ
702 2099 743 2185 τῇ
764 2095 844 2184 πρός
865 2096 962 2162 αὐτόν
981 2093 1056 2174 πυός
1076 2093 1188 2180 λόγους
1207 2099 1374 2162 ποιεῖσθαι
1390 2116 1451 2157 τοο·

363 2195 457 2264 τουσί
468 2247 478 2280 ,
508 2191 590 2262 ἆλλά
619 2199 663 2285 τῷ
689 2200 781 2285 κοινῷ
809 2199 1006 2282 προσέχοντα
1028 2202 1191 2262 λυσιτελεῖ·
1213 2187 1321 2271 άλλως
1340 2200 1368 2260 s'
1388 2187 1452 2256 miii
1516 2273 1517 2280 ρ

365 2299 411 2384 τῷ
431 2297 569 2376 μάλιστα
590 2295 666 2372 νοός
684 2293 822 2381 τρόπους
846 2297 1067 2383 συκοφαντικῷ
1090 2291 1239 2376 διαβολάς
1253 2297 1380 2374 ἐξέστω
1406 2289 1452 2378 ῥό-

361 2419 473 2476 πτειν,
495 2393 538 2470 ιός
558 2397 687 2484 ἐμαυτῷ
716 2391 976 2481 περιπσισόμενος
1003 2393 1062 2480 τὴν
1086 2396 1252 2479 βασιλείαν
1272 2391 1387 2460 κωλόω
1405 2391 1481 2455 ruite

366 2491 412 2578 μὴ
433 2493 619 2578 ἐγχειρίζειν
640 2491 747 2582 ἐκείνῳ
779 2495 845 2560 τεόν
864 2490 1056 2580 πραγμάτων
1074 2492 1130 2578 τὴν
1151 2489 1266 2578 α’ρχήν.
1310 2485 1453 2576 πρότερόν

366 2615 402 2655 τε
421 2589 482 2678 γάρ
505 2593 592 2678 ἐξῆν,
614 2589 701 2679 εἴπερ
723 2589 919 2678 ἐβουλόμην,
948 2596 1005 2658 xus*
1029 2595 1085 2657 νῦν
1113 2591 1162 2658 ἔτι
1181 2601 1283 2656 κεῖται
1304 2595 1358 2658 ἐπ’
1377 2585 1454 2670 ἐμά,
1515 2621 1516 2632 2

338 2693 434 2762 λλσσδ
454 2690 674 2780 παρασχόντος
695 2685 734 2758 άν
750 2694 927 2780 προθύμως
947 2693 978 2758 εἰ
995 2692 1194 2779 βουληθείην·
1216 2688 1295 2758 ὥστ’
1315 2687 1391 2759 οὐδὲ
1409 2687 1454 2755 ιοό

436 2861 463 2914 9.
483 2847 621 2918 Interpres
640 2845 812 2915 ἐβοδλευσαι
829 2861 959 2919 supereo
977 2843 1164 2902 disseruerim.

366 2979 525 3046 ardentius,
552 3000 633 3054 qnam
656 2999 718 3034 eum
737 2980 831 3034 videre
847 2997 904 3034 non
928 2981 1017 3034 solum
1036 2981 1111 3034 nihil
1126 2981 1243 3034 immune
1259 2978 1388 3051 perpeti;
1416 2972 1455 3027 sed

368 3053 452 3106 etism
467 3061 561 3106 tenere
579 3055 726 3124 imperium
741 3069 855 3124 esseque
874 3053 905 3104 in
919 3071 967 3106 ore
984 3061 1013 3106 ct
1027 3053 1208 3106 admiratione
1223 3053 1369 3114 omnium,
1386 3061 1454 3099 nemo

367 3125 467 3176 melius
487 3131 515 3174 te
536 3142 592 3176 uno
610 3128 687 3176 iuxta
703 3140 810 3176 mecum
828 3123 913 3174 novit.
950 3122 1017 3175 Nom
1033 3133 1062 3174 et
1081 3141 1141 3176 eum
1160 3123 1278 3174 maxime
1297 3121 1377 3174 bcllo
1396 3122 1456 3172 inter

367 3211 416 3246 vos
434 3201 546 3258 exorto,
572 3211 627 3266 quo
644 3203 724 3264 pecto
743 3193 813 3245 illud
828 3199 981 3262 gereretur,
1007 3194 1123 3246 consilio
1146 3192 1377 3256 conferebamus,
1402 3189 1455 3240 bor·

368 3271 545 3332 terenturque
562 3265 706 3328 nonnulli,
729 3271 761 3315 ut
778 3279 839 3314 eum
858 3279 964 3316 carcerc
986 3264 1192 3326 clauderemus,
1216 3271 1266 3315 sut
1283 3265 1372 3315 etism
1386 3275 1455 3312 necs·

369 3349 458 3384 remus
478 3343 506 3384 ct
524 3333 602 3385 brevi
618 3345 741 3408 tempore
757 3335 850 3385 multis
869 3350 919 3386 nos
938 3335 1073 3386 molestiis
1092 3336 1293 3396 eximeremus,
1315 3335 1370 3385 scis
1386 3345 1456 3404 quent

370 3401 457 3453 multo
480 3401 658 3457 humanitatis
675 3408 757 3474 plens
774 3413 802 3456 et
821 3406 882 3474 ipso
897 3421 980 3474 super
998 3423 1032 3456 eo
1046 3404 1221 3472 disserueris,
1246 3413 1276 3456 et
1290 3421 1343 3474 ego
1360 3404 1455 3470 tibique

369 3471 511 3542 perlibens
532 3477 692 3528 assenserim
714 3485 797 3546 teque
813 3491 863 3544 pro
887 3483 965 3541 porte
985 3492 1096 3547 quoque
1114 3473 1275 3532 adiuverim.
1323 3475 1401 3527 Bello
1417 3471 1456 3522 λε-

401 3551 479 3606 ante,
497 3561 558 3596 cum
579 3547 664 3598 semel
679 3549 834 3616 iterumque
850 3546 1023 3609 vicissemus,
1042 3545 1191 3600 recorderis
1207 3553 1313 3617 quanta
1330 3548 1361 3598 in
1378 3547 1456 3614 ipson

373 3613 519 3667 inclinatio
534 3624 618 3688 utque
633 3615 806 3669 observantia
830 3623 924 3668 nostra
939 3615 1036 3670 luerit:
1059 3616 1170 3690 quondo
1189 3633 1204 3667 e
1223 3616 1327 3668 mediis
1343 3621 1455 3684 erepton

370 3685 522 3754 perieulis,
554 3703 610 3738 non
635 3693 726 3738 tutum
752 3684 834 3738 modo
860 3686 1063 3768 praestitimus,
1099 3687 1278 3739 verumetiam
1310 3687 1457 3756 pristinam.

372 3761 502 3824 quantum
527 3757 620 3818 licuit,
655 3755 817 3808 felicitatem
845 3773 871 3808 es
894 3759 1127 3822 conservavimus,
1150 3759 1247 3810 ceteris
1270 3757 1402 3810 omuibus
1422 3771 1457 3804 re·
1511 3765 1512 3768 ’

371 3825 569 3891 clamantibus,
595 3835 624 3879 et
645 3833 677 3878 ut
696 3827 763 3896 ipsis
782 3827 812 3879 in
830 3829 997 3878 contrarium
1013 3828 1240 3900 obsequeremur,
1264 3825 1456 3898 flagitantibus.

373 3893 458 3965 Quod
477 3901 538 3949 cum
563 3899 602 3949 its
624 3897 674 3960 sit,
698 3913 755 3950 non
772 3913 816 3950 me
833 3897 899 3949 odio
918 3898 1014 3968 uliquo
1033 3899 1219 3962 stimulatum,
1243 3897 1293 3951 sed
1310 3909 1456 3952 commones

372 3967 508 4020 utilitates
523 3968 692 4030 intuentem,
717 3965 786 4020 lmee
805 3967 880 4020 elisei
902 3967 1116 4021 existimandum
1143 3977 1199 4032 est,
1223 3971 1390 4038 praesertim
1406 3977 1457 4017 cun

372 4051 425 4088 nec
439 4036 629 4090 callidissimos
644 4037 828 4090 calumniator
845 4036 898 4090 boc
916 4039 945 4089 in
961 4055 1005 4092 me
1021 4055 1153 4092 consuere
1173 4041 1261 4110 possit
1279 4037 1456 4094 mereseium.

374 4105 438 4159 ideo
455 4123 498 4158 mc
512 4105 662 4180 impedire,
683 4123 719 4160 ne
741 4109 769 4160 ei
784 4106 907 4160 medetur
920 4109 1083 4178 imperium,
1110 4109 1176 4180 quia
1196 4109 1228 4162 id
1250 4107 1324 4161 mibi
1346 4108 1456 4161 staden

373 4179 525 4248 requirere:
570 4177 639 4229 Num
660 4185 690 4230 cl
707 4179 784 4249 prius
804 4179 885 4250 copis
905 4187 982 4242 erut,
1015 4181 1039 4233 si
1064 4179 1209 4245 libuisset,
1245 4187 1276 4232 et
1297 4179 1391 4232 ssllruc
1409 4171 1455 4228 mei
1510 4213 1511 4236 ,

372 4245 484 4304 srbitril
511 4253 701 4316 cucumere,
731 4245 809 4322 qootl
832 4253 865 4304 tu
891 4249 993 4323 cupide
1020 4265 1129 4306 mecum
1152 4250 1403 4311 communicaturus
1424 4259 1455 4302 ιε
1510 4239 1511 4279 t
