3114 4930
277 253 280 260 ’
336 265 447 353 ¹138
769 285 1051 356 ceunreumur

211 448 273 504 dc.
290 446 562 530 ιδατδξαναλοδοεις
579 442 638 507 ούιι
658 439 766 529 δλίγας
793 440 927 526 δσὸμενα
950 441 1087 528 χρυσίον
1113 441 1295 526 μυριάδας,
1326 439 1370 517 ὥς
1402 445 1453 506 καί

337 540 462 620 Βοῦτδς
477 539 549 610 οἶδα
568 543 696 629 σαφῶς.
730 540 780 608 διὸ
802 545 925 628 καὶτῆς
946 539 1082 627 ἀπορίας
1099 540 1161 622 erig
1178 531 1277 624 ἧσσον
1296 543 1360 605 τῶν
1378 565 1453 625 χρη-

359 643 469 726 μάτων
497 641 532 710 τὸ
560 644 595 707 ἐν
622 641 787 720 τοσούτοις
810 665 847 707 σε
875 640 1020 726 χρήμασι
1046 641 1239 724 ζημιοῦσθαι
1265 637 1458 704 καθικνεῖταί

358 769 424 831 μου
446 748 502 831 τῆς
525 746 669 829 poprie?
713 745 861 829 παροῦσα
894 742 931 806 δὲ
961 740 1072 816 αύτοῖς
1097 739 1332 822 διαλεγομένοις
1359 736 1453 823 καίῆ

358 850 419 916 τοῦ
445 841 585 928 μεγάλου
619 845 804 925 δομεστιλιου
831 838 935 926 μήτηρ
968 837 989 924 ἢ
1016 838 1255 922 Παλαιολαγινα
1289 838 1472 924 Θεοδώρα·5

359 947 453 1030 ,,ἆλλ’
475 941 592 1028 ἔγωγε”
616 938 703 1010 εἶπεν
728 940 790 1024 „od
815 937 930 1024 ζημίαν
946 933 1066 1023 ἥγημαι
1081 933 1118 1000 ri
1141 935 1376 1004 draconario
1391 945 1454 1013 τοῖς

257 1083 261 1098 ·
358 1041 524 1126 τοιούτοις,
541 1037 622 1107 diii
638 1040 763 1106 πάντων
778 1040 899 1125 κερδῶν
914 1032 1173 1104 λυσιτελέστατόν
1185 1061 1218 1102 τε
1237 1033 1306 1120 ἅμα
1324 1034 1380 1101 καί
1397 1061 1456 1102 οσο-

359 1142 580 1234 φρονέστατον.
601 1144 632 1207 εἰ
646 1139 706 1227 γὰρ
726 1136 842 1225 λύτρον
860 1137 970 1222 ψυχῆς
986 1133 1135 1222 δνδρδςῦ
1153 1135 1236 1214 ἴδιος
1256 1137 1405 1216 πλοῦτος,
1422 1127 1457 1198 ds

356 1247 394 1308 θ’
410 1239 490 1328 ῦαὲρ
506 1243 572 1307 τῶν
591 1243 682 1306 idries
697 1263 746 1315 τις
763 1233 1012 1324 ἁμαρτημάτων,
1034 1227 1075 1300 ῦν
1090 1239 1125 1300 θ’
1142 1235 1222 1321 ύαὲρ
1237 1237 1294 1301 τοῦ
1309 1237 1365 1322 ζῇν
1381 1234 1456 1300 εἶνα-

358 1342 466 1431 λαίση,
497 1341 536 1406 ού
559 1341 676 1426 ζημίαν
697 1336 754 1425 τὴν
778 1338 939 1423 δαπάνην,
966 1333 1047 1402 ἀλλά
1073 1337 1182 1422 κέρδος
1208 1336 1357 1421 ἡγεῖσθαι
1380 1331 1492 1420 χρὴυο

357 1435 464 1518 ῦλλισς
484 1465 520 1508 τε
534 1440 590 1506 καί
609 1442 674 1507 τῶν
692 1437 787 1526 ἱεροῦν
802 1434 1017 1503 διδασκόντων
1037 1435 1159 1520 λογίων,
1178 1435 1244 1518 ὥς,
1266 1430 1346 1500 ὅπου
1366 1433 1455 1518 ὅθη-

329 1539 479 1629 ῦσαυρός
498 1539 600 1623 ύμῶν,
622 1534 866 1604 desideratum*
883 1535 904 1622 ἦ
921 1537 1038 1623 καρδία
1065 1534 1167 1618 ῦμοῦν,
1198 1530 1286 1621 παρὰ
1307 1529 1380 1615 σοί,
1399 1539 1456 1616 βα-

362 1644 464 1723 σιλεῦ,
493 1636 601 1724 ἐπειδὴ
615 1639 656 1704 σύ
676 1633 841 1724 θησαυρὸς
858 1630 980 1718 αύτοῦ,
1000 1631 1092 1719 καίῆ
1109 1634 1227 1720 καρδία
1245 1635 1301 1698 τοῦ
1320 1629 1455 1717 μεγάλου

361 1739 548 1824 δομεστίκου
565 1737 673 1805 ἔσται.
700 1734 815 1804 τούτου
833 1738 869 1802 δὲ
885 1725 976 1813 ὄντος
989 1734 1139 1820 ἀληθοῦς,
1173 1735 1238 1799 τῦν
1256 1726 1364 1798 iiior
1380 1731 1455 1797 κύν-

355 1861 424 1908 ’των
435 1840 611 1928 χρημάτων
630 1838 674 1917 οῦς
685 1837 824 1904 ούδενιὸν
841 1833 1086 1924 καταφρονήσει.
1103 1835 1159 1900 καί
1171 1831 1273 1920 χωρίς
1283 1835 1318 1899 δὲ
1336 1835 1491 1902 ταυτα-ιδ

352 1940 399 2024 ui,
417 1933 459 2007 δν
475 1937 658 2028 φειδόμενοι
671 1941 735 2004 τοῦν
747 1936 925 2025 χρημάτων
936 1929 1159 2018 κινδυνεύσητε
1173 1931 1250 2019 περί
1260 1931 1296 1997 τύ
1309 1935 1382 2021 ζῇν,
1405 1931 1458 1997 oric

358 2033 502 2126 εῦδηλον,
523 2033 590 2122 ὅτι,
620 2035 890 2119 θανόντωνύμιδν
904 2029 1044 2117 οἷτίμας,
1074 2037 1151 2119 παρ’
1172 2024 1280 2110 ῦλλοις
1304 2029 1398 2098 ἔσται
1418 2033 1457 2096 τὰ

281 2163 284 2172 ’
356 2137 528 2224 χρήματα,
556 2135 635 2213 ἴσως
660 2139 697 2204 δὲ
720 2135 777 2202 καί
800 2132 1066 2218 νιολεγαατῦτοιςς
1105 2133 1256 2220 φείδεσθε
1288 2133 1458 2217 τοιγαροῦν

357 2239 439 2323 μήτε
459 2237 618 2319 σωμάτων
635 2235 715 2321 μήτε
733 2237 909 2322 χρημάτων
916 2284 927 2317 ,
947 2225 1056 2322 -ῦχρις
1081 2225 1122 2298 dv
1144 2229 1198 2298 τὸν
1215 2235 1386 2319 κινηθέντα
1402 2231 1458 2297 rro'-

356 2341 453 2418 λεμον
469 2327 491 2424 ᾖ
508 2341 669 2402 λυσιτελεῖ
681 2333 840 2420 διάθησθε
856 2332 946 2415 ύμῖν.
1458 2360 1494 2403 no
1536 2423 1537 2428 ἵ

328 2451 354 2504 1)
449 2438 507 2502 κθ.
546 2434 617 2504 ’lini
634 2433 756 2514 τούτοις
776 2434 860 2522 crispi
881 2434 1018 2521 χάριτας
1042 2427 1239 2520 δμολογησος
1260 2427 1458 2516 dionesie,

272 2547 305 2602 V.
316 2565 351 2621 ηο
360 2535 497 2618 ἐξελθών
519 2534 705 2621 ἐβουλεύετο
726 2531 809 2618 μετὰ
827 2537 890 2600 coir
906 2534 943 2600 ἐν
961 2535 1062 2616 τέλει,
1096 2534 1129 2598 εἰ
1147 2530 1212 2620 χρὴ
1230 2532 1386 2620 πρότερον
1408 2529 1461 2598 ἐπί

348 2642 465 2725 Ἀπρα
486 2639 542 2702 καί
554 2639 586 2701 Γ
584 2635 740 2721 αρέλλαν,
772 2627 864 2722 η”ἕνιί
877 2631 937 2711 τὰς
958 2628 1175 2720 ῦφεοτηκοίας
1191 2631 1384 2721 auditorique
1399 2631 1459 2698 τοῖν
1535 2713 1536 2720 ¹

432 2789 475 2831 ra.
492 2770 592 2827 Matth.
610 2771 636 2825 6.
654 2771 715 2826 ΕΒ.
726 2771 754 2826 Ρ.
827 2785 833 2804 ·

359 2911 442 2967 qnam
466 2893 526 2966 ipsa
557 2895 693 2966 pecuniae
717 2893 881 2956 difficultas,
907 2894 1006 2964 pnngit
1023 2909 1055 2947 sc
1070 2893 1185 2948 vellicat
1209 2895 1332 2947 animum
1359 2907 1457 2956 meum,

358 2973 388 3020 te
408 2973 514 3020 unium
533 2968 573 3018 rei
592 2967 761 3018 nummariae
781 2963 957 3036 dispendium
977 2981 1037 3015 mea
1057 2981 1139 3017 causa
1156 2967 1274 3037 perpeti.
1312 2965 1386 3017 Huic
1399 2967 1457 3018 col-

358 3038 455 3110 loquio
475 3036 622 3091 Theodora
638 3035 839 3107 Pniacoiogina,
866 3036 957 3105 magni
979 3033 1125 3088 domestici
1145 3045 1241 3101 mater,
1265 3053 1397 3110 praesens
1414 3037 1457 3087 in-

357 3115 479 3170 tererat,
498 3125 569 3180 quae
588 3111 628 3160 sie
650 3123 711 3160 orsu
729 3116 788 3159 est:
818 3105 954 3178 Equidem
974 3123 1025 3177 ego
1042 3105 1146 3159 tatibus
1165 3107 1195 3161 in
1213 3108 1297 3162 rebus
1316 3115 1457 3178 sumptum

359 3176 518 3249 impendere
538 3179 646 3230 nullum
664 3177 853 3248 dispendium,
866 3177 949 3230 immo
964 3193 1029 3231 vero
1048 3179 1172 3231 omnium
1191 3188 1354 3250 quaestuum
1372 3191 1456 3248 quae-

358 3250 557 3302 stuosissimum
576 3255 658 3319 atque
675 3247 918 3318 prudentissimum
937 3248 1038 3302 iudico.
1076 3249 1105 3302 Si
1123 3251 1196 3302 enim
1214 3253 1333 3320 pretium
1352 3248 1457 3301 redem-

357 3319 444 3372 tionis
467 3322 573 3372 animae
599 3319 720 3371 hominis
749 3327 814 3370 sont
833 3320 921 3388 ipsius
945 3319 1076 3384 divitiae,
1101 3321 1159 3374 sive
1198 3323 1240 3374 uis
1263 3339 1313 3392 pro
1338 3319 1483 3390 peccatis.

359 3389 436 3451 suis,
461 3389 517 3441 sive
536 3406 586 3459 pro
611 3389 667 3441 vita
685 3405 732 3442 sura
759 3389 904 3461 quippiam
924 3393 1095 3460 erogaverit,
1122 3339 1197 3444 huod
1224 3394 1254 3446 in
1279 3391 1388 3442 damnis
1409 3391 1454 3440 ilia

359 3460 497 3530 erogatio,
515 3459 564 3512 sed
582 3459 713 3513 indueris
734 3458 892 3529 deputanda
911 3469 960 3513 est.
996 3460 1108 3526 Adhuc,
1128 3479 1188 3514 cum
1207 3463 1320 3515 divinae
1339 3462 1456 3531 seriptu-

358 3547 406 3583 ree
425 3530 558 3594 doceant,
578 3531 628 3583 nbi
646 3529 789 3583 thesaurus
807 3538 898 3583 vester
915 3533 967 3595 rit,
999 3531 1038 3584 ibi
1065 3549 1112 3584 cor
1131 3541 1252 3586 vestrum
1278 3549 1354 3595 esse,
1381 3529 1454 3602 apud

357 3603 569 3672 temperator,
596 3604 727 3723 quoniam
745 3609 776 3654 tu
796 3599 939 3654 thesaurus
958 3603 1048 3672 magni
1071 3603 1215 3655 domestici
1235 3619 1278 3666 es,
1306 3604 1392 3654 etiam
1410 3618 1454 3653 oor

358 3673 418 3724 cius
436 3674 497 3732 crit.
533 3671 596 3796 3⁰⁰
635 3689 696 3725 cum
714 3673 753 3725 ita
773 3674 826 3737 sit',
852 3681 971 3726 ceterum
988 3674 1133 3742 pecuniam
1150 3682 1256 3726 utrem
1278 3673 1362 3725 nihili
1388 3689 1454 3724 con·

356 3751 469 3796 temnet
506 3743 541 3797 Se
577 3744 646 3796 hsce
663 3743 811 3798 mittamus.
848 3743 878 3796 Si
897 3745 1015 3798 nummis
1033 3753 1194 3814 parcentes,
1220 3746 1250 3797 in
1267 3745 1340 3798 ritae
1355 3743 1453 3796 discri-

356 3830 421 3866 men
439 3814 577 3878 incidatis,
595 3831 631 3866 an
648 3831 705 3867 non
723 3815 825 3868 elerum
844 3824 901 3878 eat,
931 3815 1007 3868 vobis
1025 3832 1085 3867 cum
1104 3815 1240 3868 dedecore
1258 3815 1383 3878 mortuis,
1402 3829 1454 3864 re-

356 3893 426 3936 stras
444 3882 480 3937 ad
503 3887 571 3939 slios
590 3893 619 3939 et
636 3885 754 3939 forsitan
774 3885 810 3938 ad
830 3885 1035 3938 inimicissimos
1054 3887 1217 3939 translatum
1243 3889 1278 3940 iri
1298 3881 1453 3956 pecunias?

355 3954 476 4009 Proinde
494 3973 531 4010 nc
554 3957 598 4010 vel
615 3956 795 4026 corporibus,
819 3958 863 4010 vel
888 3959 1023 4026 pecuniae
1050 3959 1203 4026 parcitote‚
1231 3955 1324 4030 quoad
1347 3955 1452 4008 beilum

356 4023 410 4078 hoc
429 4024 463 4078 ad
481 4029 697 4081 emolumentum
713 4037 832 4081 vestrum
851 4027 1127 4081 accommodaveritis.

426 4113 468 4166 ²9·
506 4097 608 4150 Gratiis
625 4107 765 4152 matronae
786 4099 864 4162 actis,
882 4098 1021 4167 egreditur
1039 4099 1195 4168 imperator,
1218 4107 1246 4152 et
1264 4115 1326 4151 cum
1344 4099 1449 4166 primo·

356 4163 432 4218 ribus
451 4169 481 4217 in
503 4168 648 4220 consilium
666 4172 761 4232 venit,
779 4170 891 4240 priusnc
913 4168 999 4236 Apros
1025 4177 1054 4222 ct
1077 4167 1225 4232 Gurciiam,
1244 4183 1280 4222 uu
1301 4169 1449 4222 exercitum

277 4283 280 4290 r
356 4234 390 4286 ad
410 4237 555 4291 ulteriores
573 4239 697 4294 civitates
716 4239 877 4293 derertrices
891 4237 1024 4294 adducet:
1043 4239 1119 4312 quod
1136 4239 1189 4294 hae
1201 4241 1293 4296 minus
1308 4243 1449 4300 nocerent,
