3074 4934
143 756 412 852 soranos
446 700 560 846 ror
590 746 1127 868 mortuorunm

376 935 597 1009 ΙΣΤΟΡΙΩΝ
620 933 826 1002 ΒΙΒΛΙΟΝ
845 933 889 998 Β.

202 1117 503 1228 10ANN1s
541 1115 1064 1218 casinensem
1118 1101 1191 1200 ;·-

374 1302 676 1372 HISTORIARUM
697 1299 825 1364 LIBER
846 1289 890 1364 11.

486 1449 782 1476 ——nd-u-n

483 1555 794 1618 Psnlocttt.

158 1704 232 1777 Quid
248 1709 394 1780 superiore
410 1705 485 1758 libro
504 1703 668 1759 memorarit
689 1695 815 1774 quidque
830 1693 959 1768 proxime
980 1687 1110 1763 sequenti
1128 1689 1185 1739 ml-

94 1779 245 1834 norandum
263 1783 316 1842 sit,
339 1794 392 1850 per
416 1779 615 1830 transitionem
639 1769 797 1843 signifieat.
840 1766 958 1836 Nepotis
976 1771 1113 1830 occupato
1132 1759 1187 1823 Bp·

94 1855 180 1904 santio
198 1854 229 1903 in
242 1865 330 1904 auum
343 1864 413 1902 cura
421 1885 432 1910 ,
448 1845 632 1905 reuerentia,
653 1841 760 1900 bonos,
781 1836 951 1890 liberalitas.
983 1828 1092 1900 Magno
1107 1829 1187 1894 logo-

94 1919 175 1976 tbttae
203 1921 379 1992 ignoscitur.-
409 1918 442 1969 in
462 1926 696 1989 protostratorem
720 1908 797 1962 urbis
823 1903 1007 2026 propinatura
1031 1897 1187 1980 confertur.

93 1991 156 2046 Petit
173 1993 328 2063 imperator
346 2007 365 2042 a
381 1987 565 2058 patriarcba,
586 1985 630 2036 uti
647 1984 680 2035 in
696 1980 820 2051 gratiam
839 1993 868 2029 re
891 1985 937 2026 eat
959 1989 1019 2025 cum
1038 1984 1130 2039 episto
1150 1964 1187 2024 it,

93 2080 109 2114 a
130 2062 225 2134 quibus
236 2062 342 2134 ficerat
360 2057 538 2112 veliementer
554 2053 683 2127 offensus.
731 2051 791 2116 Quo
808 2057 894 2116 pacto
913 2043 1030 2095 Marcus
1050 1985 1188 2104 Caballu-

92 2133 162 2196 riur,
179 2130 396 2187 maledicentiae
407 2131 446 2192 in
464 2130 552 2198 ipsum
570 2141 646 2186 reus,
663 2122 723 2176 eius
737 2127 884 2186 conspeetu
903 2110 1082 2183 tremefactus
1091 2099 1189 2177 suerii
1248 2095 1264 2135 1‘

93 2198 397 2273 ettorruerit(Cap.1)·
433 2200 527 2252 Mittit
537 2210 589 2260 suo
606 2195 668 2247 loco
686 2205 815 2260 magnum
823 2183 1012 2242 domesticum,
1031 2179 1083 2253 qui
1097 2173 1190 2246 patri·

93 2275 198 2328 urebant
210 2275 327 2345 flectat.
361 2271 487 2324 trustra.
523 2269 590 2320 Dies
603 2255 715 2331 Synodo
734 2245 849 2324 dicitur.
885 2253 1060 2307 Domestions
1077 2246 1189 2316 episco'-

72 2363 181 2414 xporum
203 2358 346 2416 patronus
371 2339 541 2411 supplicibus
568 2335 664 2390 verbis
686 2325 881 2403 patriarcham
905 2332 1055 2394 expugnat
1098 2315 1190 2384 lmpe·

92 2419 179 2470 ratari
204 2413 237 2469 de
269 2410 406 2486 beneficio
432 2411 542 2480 gratias
567 2418 659 2460 actum
687 2412 763 2454 eunt.
798 2391 931 2450 Eiusdem
957 2387 1136 2462 imperatoris
1156 2383 1190 2434 isi

93 2483 267 2541 benemeritos
277 2496 419 2554 totamque
432 2481 577 2533 ciuitatem
589 2469 786 2547 munificentia
796 2467 843 2538 (a).
880 2465 1038 2518 Moesorum
1052 2460 1083 2511 in
1095 2453 1189 2510 Tiara-

93 2557 347 2630 oiamsuperiorem,
367 2552 492 2605 vicissim
502 2535 919 2602 Romanoruminbloesiamim
940 2531 1039 2591 ressio,
1059 2540 1086 2580 et
1104 2535 1190 2592 capta
1263 2527 1269 2538 “

91 2625 252 2698 Diampolis.
287 2625 353 2679 Alia
368 2623 527 2676 Moesorum
544 2621 575 2672 in
591 2616 741 2670 Thraciam
760 2607 894 2678 irruptio,
911 2551 1010 2657 bascli
1027 2595 1188 2666 occupatio,

92 2696 201 2752 Prolati
214 2693 335 2752 obsidio.
371 2689 604 2764 Romanisoedus
613 2687 752 2739 uiolatum
765 2677 915 2736 obiiciunt,
934 2669 1025 2723 minas
1036 2671 1188 2719 intentant.

92 2770 196 2824 Moesus
213 2784 329 2823 eausam
348 2758 469 2822 indicat,
489 2779 540 2814 cur
554 2772 663 2832 partem
681 2739 714 2806 de
734 2751 849 2820 imperio
867 2747 991 2798 nomano
1010 2735 1065 2790 sibi
1085 2737 1187 2804 cupiat.

95 2840 253 2894 Ostenditur
269 2831 432 2908 magnitudo
453 2832 573 2884 Romani
591 2827 741 2884 exereitus,
760 2837 818 2890 qua
836 2813 953 2870 territus
966 2811 1078 2863 Moesus
1093 2817 1189 2872 pacem

91 2913 229 2978 promittit.
270 2909 364 2974 Quare
383 2917 439 2957 tam
453 2899 595 2968 ¹audacter
611 2900 644 2951 in
657 2893 807 2948 lbraciam
827 2884 917 2940 Moesi
933 2873 1132 2951 praedabundi
1145 2873 1188 2944 ir-

92 2995 208 3036 ruerent
247 2979 389 3032 llomanns
407 2975 502 3034 miles,
528 2970 627 3039 spoliis
645 2981 728 3033 aegre
748 2974 864 3018 carens,
886 2963 1094 3022 pugnamlnon
1113 2959 1190 3014 com·

93 3053 196 3104 missam
213 3050 299 3104 dolet·
340 3046 560 3114 Redintegratur
584 3042 659 3091 inter
675 3037 799 3089 Moesum
825 3039 852 3080 et
875 3025 1068 3094 imperatorem
1087 3009 1188 3066 amici-

93 3121 184 3193 tiass).
221 3123 345 3190 Magnus
362 3115 529 3174 domesticus
545 3106 702 3178 Syrgianni
720 3097 894 3155 tolerabilem
914 3103 1067 3148 carcerem,
1086 3081 1188 3136 dehinc

91 3190 247 3248 libertatem
265 3203 374 3244 exorat.
409 3189 494 3239 Amor
506 3195 621 3250 ‚mutuus
641 3171 821 3246 imperatoris
839 3179 866 3218 et
885 3159 1045 3228 domestici,
1068 3155 1120 3226 qui
1163 3151 1189 3199 i-

92 3263 169 3316 uisne
186 3263 335 3333 petitionis
348 3259 486 3320 rationem
499 3251 600 3306 ‘reddit
618 3247 788 3314 Magistrum
800 3253 878 3290 suum
892 3232 1042 3286 miliiarem
1056 3221 1186 3278 celebrat.

91 3333 263 3402 Syrgiannes
280 3329 408 3386 custodia
425 3327 566 3380 literana
574 3318 623 3392 (4)
658 3317 743 3372 Xeno
761 3306 941 3380 imperatoris
953 3301 1043 3352 mater
1058 3314 1075 3347 a
1086 3295 1187 3360 magno

93 3401 240 3458 domestico
261 3421 290 3457 ae
308 3405 427 3456 celatam
443 3396 585 3450 irascitur.
624 3385 759 3443 Germani
778 3378 963 3453 pecuniarum
981 3379 1102 3433 egentes,
1119 3379 1187 3433 pro·

90 3487 152 3546 pter
167 3489 250 3529 vetsu
269 3473 418 3546 hospitium
440 3485 501 3522 eum
519 3455 736 3536 imperatoribus
754 3437 1095 3513 constantinopolitanis,
1119 3429 1188 3516 snb-

92 3544 190 3599 sidium
208 3557 327 3618 petunt,·
344 3539 395 3596 sed
411 3539 445 3593 ob
463 3535 625 3593 exhaustum
642 3529 784 3582 aerarium
803 3519 878 3574 nibil
892 3519 1060 3584 impetrant:
1079 3519 1190 3574 copias-

114 3634 145 3670 ue
171 3619 302 3687 accipere
327 3629 446 3684 quarum
470 3625 556 3662 causa
579 3601 728 3676 pecuniam
751 3597 846 3666 peiere
865 3578 1052 3641 uidebantur,
1078 3573 1187 3626 nolunt.
1248 3617 1252 3625 ,

119 3690 267 3742 ansericus
306 3698 367 3738 arte
391 3697 507 3736 onerum
529 3693 642 3732 suorum
668 3661 840 3740 Λροεᾳιιοήο
867 3659 994 3710 humeros
1016 3651 1187 3718 supponente

94 3757 214 3811 levatur.
260 3705 391 3810 Plltribus
418 3744 453 3806 de
473 3749 567 3803 causis
584 3734 887 3816 imperatorcyeican
908 3723 999 3779 vadit.
1046 3717 1108 3769 Pae
1127 3727 1188 3761 cum

96 3827 286 3882 mercham
309 3837 446 3894 ganape,
471 3817 552 3873 urbes
569 3815 687 3870 orientis
714 3803 865 3879 infestante
875 3795 923 3869 (5)
967 3783 1189 3928 '‘⁶⁸3‘iffffffl

901 3937 997 4002 ntium.
1041 3925 1136 3976 Naves
1156 3919 1188 3969 ul

95 3897 231 3953 barbaros
245 3901 278 3951 in
287 3894 422 3964 Bithynia
439 3892 655 4012 variojuentu,
673 3897 724 3934 net
742 3881 803 3930 sine
821 3868 1006 3942 Romanorum

95 3969 317 4038 ministrataiss).
363 3964 526 4020 Nuntiata
566 3963 798 4029 protostratorem
823 3944 899 4007 Bysa
1184 3993 1187 3999 Ι

96 4041 152 4092 sint
170 4053 292 4112 paratae
312 4036 430 4092 iubetur.
469 4033 569 4086 Castra
594 4019 792 4081 custodiuntur
809 4010 856 4082 (7)
910 4007 985 4060 Laus
1000 3996 1188 4054 Romanorum

28 4151 31 4160 .
96 4129 132 4163 ex
148 4129 197 4165 ore
216 4111 341 4164 bostium.
377 4105 460 4160 Senes
477 4103 625 4164 Persarum
646 4100 777 4167 proceret
800 4083 857 4136 loci
875 4073 1056 4130 mutationem
1080 4059 1191 4114 dissua-

96 4179 163 4235 dent
186 4193 215 4234 et
240 4197 297 4252 qua
324 4179 458 4234 cautione
484 4175 515 4224 in
541 4165 636 4222 eodem
657 4157 792 4233 infamiae
810 4145 950 4205 vitandae
969 4155 1055 4225 causa
1074 4145 1190 4208 manen-

97 4247 178 4312 dum,
199 4251 363 4304 edisserunt.
403 4247 505 4300 Rumor
523 4235 557 4293 de
576 4231 755 4308 imperatoris
775 4223 864 4280 obitu,
874 4217 952 4292 fisca
972 4210 1100 4290 melitum·
1135 4197 1191 4282 lm:
1247 4249 1250 4256 .

95 4333 214 4390 {strator
239 4315 506 4389 Constantinopolin
535 4309 622 4365 lembo
649 4295 851 4360 transducitur.
899 4281 981 4357 Apud
1005 4275 1191 4334 Pbtlofflnssfl
