3074 4946
416 301 699 370 ussmmmsm
735 308 775 372 u.
796 310 848 382 ιν.
1111 280 1196 396 407

105 451 200 532 odric
221 453 242 520 ἀ
262 455 325 526 τάν
352 455 430 543 τῇδε
454 455 580 524 πάντων
609 453 750 536 θάνατος
784 457 1056 528 έπιλανθάνεσθαι
1082 461 1341 543 communion

102 550 235 636 ἴσχυσεν
264 553 366 622 αάτοῦ
391 551 450 640 τάν
477 553 558 639 πρὸς
586 559 702 624 totvm
727 557 840 644 φιλίαν
868 559 1039 642 ἀμβλῦναι,
1083 556 1195 642 οἱμὲν

105 643 164 718 eds
185 651 341 739 παρόντες
357 652 535 740 έθρὴνησάν
547 679 581 722 τε
599 653 654 720 έπί
670 664 737 733 τοῖς
756 659 939 742 λεγομένοις.
952 659 1008 724 καὶ
1022 655 1081 744 τὴν
1096 657 1195 744 άπερ·

102 748 200 837 βολήν
216 750 408 834 έθαάμασαν
424 755 480 838 τῆς
501 750 582 840 πρὸς
593 767 598 774 “
609 747 765 840 ἀλλήλους
782 755 890 822 αάτοὸν
914 757 1047 845 φιλίας,
1070 749 1121 823 ὅτι
1138 755 1195 824 καί

81 841 181 938 5ἀχρι
200 854 346 937 τελευτῆς
371 847 468 930 οὕτως
488 854 523 920 έν
542 852 627 941 ἀκμῇ
652 853 836 942 διετηρῆθη.

184 947 233 1028 ιζ.
289 948 388 1018 Merui
413 953 506 1020 τοῦτο
534 950 605 1019 did
628 950 779 1038 βασιλεάς
807 953 862 1022 τάν
886 958 987 1040 μέγαν
1011 952 1286 1039 δομέστικονΡ.λέ9

100 1043 398 1132 μετακαλεσάμενος
415 1045 510 1134 ,οἶδα
527 1053 607 1135 μέν’
626 1048 711 1121 εέπεν
730 1046 782 1136 „od
801 1056 903 1142 φιλαιι
923 1047 1050 1142 ἀριστε,
1071 1053 1293 1140 enodasti-aso

101 1145 145 1222 dc
165 1142 185 1234 ἦ
207 1150 264 1214 νῦν
284 1143 390 1234 ἦμέρα
413 1150 451 1216 od
472 1147 571 1234 μόνον
590 1143 775 1240 ἀποφράδος
794 1153 897 1240 πάσης
918 1155 1040 1240 έχθίιον
1061 1175 1114 1219 σοι
1130 1176 1196 1238 φα-

102 1256 220 1332 νεῖται,
248 1245 329 1314 ἀλλά
348 1250 404 1316 καί
422 1253 562 1334 μεγάλας
584 1246 663 1316 οἴσει
688 1249 748 1330 τάς
765 1250 952 1340 δυσχερείας
965 1255 1022 1320 καί
1039 1250 1215 1340 περισσά-,Β
1251 1264 1302 1278 ”·“
1356 1243 1362 1260 ’

63 1367 177 1422 ιοσεις.
225 1345 345 1434 ἀνάγκη
369 1345 429 1436 γάρ
452 1348 533 1435 πρός
552 1373 588 1416 τε
608 1345 665 1436 εὴν
688 1347 838 1436 πρόνοιαν
856 1354 914 1437 τῆς
939 1352 1043 1439 ἀρχῆς
1067 1351 1195 1440 μερίζε-

100 1451 181 1512 σθαι
205 1443 397 1532 Ῥωμαιλιν,
437 1445 591 1515 δεδοικότι
610 1447 656 1535 μή
686 1446 740 1516 διά
765 1448 824 1536 τὴν
848 1451 928 1538 έμὶγν
956 1448 1105 1537 τελευτήν
1128 1452 1194 1518 τάν

99 1543 335 1632 καθεστηκότων
352 1572 385 1613 τι
405 1551 537 1637 κινηθῇ,
558 1553 615 1616 καί
627 1546 708 1638 πρὸς
727 1546 784 1638 τὴν
801 1548 882 1638 έμὴν
904 1545 1116 1638 ἀποστέρησιν
1137 1549 1194 1616 od·

100 1643 213 1728 ἀεμίαν
238 1644 419 1734 δπερβολάν
440 1646 588 1732 ἀθυμιλις
608 1643 809 1733 ἀπολείπειν,
837 1646 1037 1734 λογιζόμενον
1062 1647 1196 1730 εέιιάταιςΙ

100 1737 214 1810 ὅτιτάν
230 1741 315 1811 πάνυ
338 1744 491 1834 φιλτατυν
513 1745 568 1812 καί
590 1743 625 1814 ’δν
649 1737 723 1813 odra
738 1745 892 1833 χρόνοςέ
914 1746 1005 1815 πάντ’
1023 1745 1193 1835 ἀποδρέειν
1216 1763 1218 1768 ·

67 1841 154 1909 sisui
181 1836 340 1910 ἀπανθεῖν
364 1848 485 1928 ποιοῦν,
524 1839 598 1912 οὔθ’
621 1844 641 1932 ἢ
669 1848 733 1912 τάν
754 1845 949 1934 πραγμάτων
973 1839 1112 1923 ἀστατος
1137 1847 1193 1912 κατ’

101 1936 245 2026 ἀβέβαιος
272 1946 388 2032 φάσις,
423 1938 489 2012 od?
515 1939 636 2032 ἀνάγκη
666 1969 718 2022 τις
743 1944 880 2030 οάδεμία
907 1949 962 2032 τῆς
990 1947 1048 2030 σῆς
1077 1941 1191 2028 ἴσχυσε

98 2040 205 2127 φιλίας
225 2035 404 2130 ἀποστῆσαι
422 2039 483 2112 ιιάν
505 2044 583 2130 πρὸς
600 2041 707 2134 βραχέι
713 2095 728 2128 ,
750 2046 807 2112 νῦν
822 2041 840 2114 ἀ
858 2045 920 2112 καί
937 2043 1037 2130 αάτῆς
1063 2041 1191 2131 φάσεως

95 2137 300 2229 ἰσχυρότερος
324 2139 465 2222 θάνατος
484 2141 628 2210 tartede
650 2143 818 2228 ἀποτέμνει
838 2165 874 2211 τε
893 2141 950 2211 καί
969 2143 1190 2226 διαζεύγνυσιν

95 2239 273 2328 ἀνημέροις
314 2242 372 2309 καί
393 2245 432 2310 σέ
450 2247 513 2329 μέν
533 2243 699 2312 ἀπολείπει
723 2247 818 2328 σάμα
838 2239 941 2332 χωρὶς
967 2244 1100 2328 ψυχῆς,
1129 2241 1214 2323 ἐμέο

52 2341 132 2408 nott
148 2340 352 2429 ἀνενέργητον
372 2340 483 2428 ψυχὴν
505 2344 749 2432 παραλαμβάνει
772 2345 892 2431 πικρῶς
910 2337 1112 2426 ἀδυναμένην
1130 2337 1189 2424 τὴν

97 2441 265 2520 διάζευξιν.
307 2440 388 2510 ἀλλά
402 2443 441 2510 τί
451 2436 491 2510 ἀν
516 2468 566 2522 τις
581 2441 700 2526 πάθοις
732 2445 874 2530 στέργειν
888 2439 949 2530 γάρ
972 2440 1093 2528 ἀνάγκη
1112 2437 1189 2516 τούς

92 2537 182 2628 παρά
199 2543 257 2608 τοῦ
276 2542 472 2631 δημιουργοῦ
489 2547 547 2631 τῆς
564 2542 692 2634 φάσεως
710 2546 875 2628 κειμένους
892 2541 1048 2628 δεσμούς.
1069 2539 1107 2606 od
1122 2537 1188 2624 μὴν

165 2727 206 2784 ιφ
222 2709 278 2764 Ser.
293 2711 341 2764 ool
359 2717 389 2765 et
411 2709 493 2785 ἐμοὶ,
512 2710 587 2786 qnod
606 2711 819 2786 lutpr.'quoque
837 2710 938 2783 legisse
952 2707 1069 2766 utetur.

93 2871 150 2919 έναι
160 2901 169 2930 ,
187 2881 258 2939 quae
275 2866 396 2919 omnium
413 2867 527 2920 istarum
541 2883 632 2920 rerum
648 2865 817 2918 oblivionem
840 2869 936 2929 affert,
960 2880 1040 2916 suurn
1067 2877 1130 2932 erga
1148 2859 1186 2914 il-

92 2935 150 2988 lum
169 2942 288 2991 artiorem
303 2936 574 3006 hebetarepotuisse.
640 2942 759 3008 uotquot
784 2936 869 3006 igitur
886 2941 1044 3008 praesentes
1063 2931 1187 2994 aderant,

92 3003 175 3060 dictis
194 3009 253 3060 eius
281 3007 498 3074 illacrymantes,
524 3006 630 3059 incredi
652 3006 718 3058 ilem
742 3006 878 3058 intereos
907 3007 1047 3058 caritatem
1068 3001 1187 3055 admira-

91 3077 207 3142 bantur,
226 3094 297 3150 quoe
316 3079 395 3130 etiarn
415 3093 502 3150 usque
520 3077 556 3130 ad
571 3077 678 3130 obitsun
703 3077 741 3129 ita
754 3075 846 3128 vivida
859 3075 1060 3148 permansisset.

166 3164 204 3220 ιγ.
244 3149 337 3202 Postea
352 3149 500 3220 imperator
516 3149 603 3200 accito
613 3163 710 3216 magron
722 3146 882 3210 domestico,
900 3143 1036 3216 Equidem
1049 3141 1186 3212 praeclare

89 3219 165 3281 scio,
183 3221 213 3270 iu
235 3219 290 3284 uit,
311 3222 461 3272 amicorum
479 3221 599 3288 optime,
615 3225 787 3289 praesentem
809 3217 882 3271 diem
902 3233 959 3269 non
983 3215 1070 3268 solum
1090 3213 1187 3284 quovis

89 3289 199 3342 nefasto
216 3237 264 3344 die
283 3289 449 3344 odiosiorem
465 3289 518 3342 tibi
534 3293 620 3343 visum
642 3290 693 3344 iri:
712 3287 760 3340 sed
776 3288 1044 3358 molestias'qnoque
1063 3291 1092 3336 et
1114 3283 1186 3336 ailli-

90 3359 198 3413 etiones
217 3360 340 3430 ingentes
360 3362 518 3430 pariturum.
565 3359 681 3413 Necesse
707 3374 828 3428 namque
845 3359 912 3422 erit,
932 3363 1046 3429 propter
1065 3353 1184 3407 admini-

89 3431 252 3482 strationem
272 3431 386 3484 Romani
405 3433 514 3502 imperii
534 3432 654 3484 animum
672 3447 745 3482 nunc
768 3427 838 3494 huo,
855 3447 928 3482 nunc
945 3429 1012 3479 illue
1028 3443 1079 3497 pcc¹
1096 3427 1184 3478 varias

87 3500 293 3554 sollicitudines
304 3501 442 3555 dividere:
461 3501 664 3563 formidantem,
682 3517 717 3553 ne
728 3509 839 3572 propter
849 3515 987 3553 excessum
998 3513 1088 3550 meum
1101 3497 1185 3567 quip-

86 3573 166 3641 piam
183 3588 305 3624 meorum
323 3575 535 3629 constitutorum
553 3573 685 3627 violetur:
706 3580 734 3623 et
753 3573 818 3641 quia
839 3587 883 3622 me
904 3570 1025 3634 orbaris,
1043 3568 1185 3620 tristitiam

87 3650 195 3694 tantun
216 3659 330 3710 capere,
348 3653 380 3697 ut
398 3643 432 3697 ad
451 3661 509 3698 eam
527 3641 592 3696 addi
618 3643 691 3698 nihil
710 3651 807 3714 queat,
826 3643 1003 3712 cogitantem,
1022 3645 1051 3690 et
1069 3638 1184 3699 merito,

86 3712 171 3782 longe
189 3713 357 3768 carissimum
375 3723 403 3769 et
418 3731 501 3786 quem
515 3729 606 3786 neque
618 3723 745 3782 tempus,
763 3729 818 3784 quo
840 3715 933 3765 omnia
944 3710 1068 3762 defluunt
1087 3724 1118 3759 ac
1133 3707 1184 3759 do-

85 3784 254 3846 ssorescunt,
273 3801 363 3856 neque
381 3785 522 3842 mutabilis
544 3793 573 3838 et
592 3785 749 3838 inconstans
768 3799 858 3837 rerum
876 3789 991 3845 natura,
1018 3795 1109 3848 neque
1127 3777 1185 3828 ulla

85 3854 265 3908 necessitudo
283 3855 316 3907 ab
335 3858 454 3909 amicitia
473 3856 573 3910 tuavel
591 3854 626 3908 ad
644 3863 812 3908 momentum
827 3853 905 3906 seiun
924 3867 969 3903 cre
987 3849 1094 3919 potuit,
1110 3863 1184 3898 nune

84 3941 138 3994 per
156 3933 272 3978 mortem
291 3926 350 4000 ipss
378 3935 476 3981 natura
494 3929 680 3996 potentiorem
704 3926 752 3989 ahs
778 3933 807 3978 te
825 3870 974 3976 crudeliter
1000 3917 1126 3986 abrumpi
1152 3935 1184 3970 ao

85 3995 221 4066 separari.
257 3995 296 4048 Ac
320 3999 374 4051 tibi
416 3997 508 4052 uidem
531 4015 628 4068 corpus
647 3999 801 4050 exanimum
820 3993 969 4062 relinquit,
986 4005 1074 4046 meam
1090 3995 1184 4040 sutem

85 4065 306 4123 animamdiouis
324 4015 453 4139 operidsus
466 4085 578 4120 vacuam
597 4075 625 4120 et
643 4067 696 4120 ista
714 4066 880 4122 diremtionc
898 4064 980 4115 ctiam
998 4068 1082 4129 atque
1100 4058 1183 4110 etiam

85 4137 229 4190 dolentem
247 4138 344 4193 aufert.
365 4139 419 4192 Sed
438 4139 504 4212 quid
524 4136 606 4210 agas?
624 4139 709 4210 leges
729 4155 746 4189 a
763 4144 877 4189 naturae
895 4131 1037 4187 conditore
1056 4132 1183 4182 lutosae-

86 4210 139 4279 qui
166 4207 291 4281 bonique
317 4211 447 4264 iaciamus
474 4227 585 4265 necesse
618 4217 666 4264 est
711 4208 813 4262 Verum
837 4207 903 4278 quia
921 4202 1058 4258 modicum
1075 4209 1183 4270 tompus
