3074 4934
383 297 673 370 mstomtttutt
701 303 743 368 ιι.
765 309 796 374 ι.
1092 273 1178 364 313

108 449 176 542 t‘vvlp
196 447 309 541 αύτού,
342 453 425 523 ἀλλὰ
447 459 502 522 καί
520 454 842 544 συγκατειργάσαντο,
873 453 912 521 τύ
934 477 971 541 γε
999 459 1046 535 είς
1065 455 1331 535 αύτούςλλλιλεδ

106 544 185 638 ἧκον,
206 553 259 642 τὴν
277 557 439 643 κύθειρξιν
459 557 591 639 ἐκείνου,
611 558 724 622 δούναι
744 557 930 643 συγγνώμην
951 557 1049 648 δεηθῇ
1070 556 1181 625 αύτού.

104 641 209 742 ἧιγύρ
229 661 294 721 κατ’
315 655 425 722 adroic
444 653 543 731 πολύς
563 653 733 744 φερόμενος
760 651 777 721 ὅ
797 655 994 742 πατριάρχης
1013 654 1069 720 καὶ
1088 655 1180 732 δίκας

103 749 186 828 ιῖξιύν
203 759 309 838 λαβεῖν
328 757 406 840 παρ’
426 752 555 822 ἐκείνων
575 757 632 840 τῆς
648 757 819 842 προδοσίας
837 757 893 840 τῆς
912 756 957 831 εἰς
978 752 1093 820 αύτύν.
1124 751 1210 825 zato

86 850 212 934 ὅδεηθεύς
230 853 328 920 αύταύ
348 850 450 920 πολλὰ
483 858 558 941 περὶ
590 847 695 921 adrev
724 853 782 919 ούιι
801 855 947 940 ἠδυνήθη
974 863 1083 920 πεῖσαι
1102 875 1181 936 σνγ-

98 949 211 1037 γινύμην
229 963 408 1042 παρασχεῖν
427 953 556 1036 αύτοῖς,
592 949 634 1020 τύ
664 951 785 1039 ἔσχατα
817 954 915 1038 λέγων
932 949 1106 1040 ἠδικῆσθαι
1125 949 1180 1017 rial

99 1047 203 1134 αι’τύν,
231 1055 287 1118 καί
307 1056 373 1119 δεῖν
393 1047 502 1130 αύτσῑς
522 1052 612 1140 δίκην
632 1060 744 1138 λαχεῖν
762 1055 819 1140 τῆς
838 1056 1028 1141 προδοσίαις.
1052 1050 1124 1118 ἐπεὶ
1142 1053 1180 1116 δὲ

97 1147 234 1234 ἒπσνῆιιεν
253 1153 300 1230 εἰς
318 1152 466 1236 deodato
486 1151 504 1219 ύ
521 1151 690 1236 βασιλεύς,
716 1150 770 1220 τὸν
789 1150 1019 1240 μητροπολίτην
1039 1175 1181 1235 μετακα-

96 1244 250 1329 λεσάμενος
272 1254 386 1338 Φερῶν
413 1249 471 1318 καί
493 1249 727 1340 χαρτοφύλακα
758 1251 814 1318 τὸν
834 1249 1008 1336 Κοοτύλην
1036 1249 1093 1316 καὶ
1123 1247 1215 1320 τὸνῗ.
1225 1261 1276 1319 156

66 1345 148 1411 ιοτύν
163 1348 381 1437 μοναστηριλον
400 1343 547 1440 ἄρχοντα
559 1352 778 1440 Καβεριύτην,
800 1343 853 1417 οἷα
871 1353 914 1416 δι’
937 1345 1037 1417 atsto
1060 1351 1185 1434 δεσμα-

95 1442 193 1532 riom
220 1448 411 1536 οἰκήσαντας
437 1451 493 1517 ἐπὶ
520 1447 636 1537 χρύύον
664 1449 756 1534 τινὰ,
788 1449 827 1518 τύ
858 1441 960 1516 τᾶλλα
988 1448 1185 1536 ηύχαριστη-

91 1565 123 1608 σε
140 1548 192 1613 καί
220 1543 417 1636 εὐεργεσίαις
448 1549 610 1635 ἠμείψατο
635 1555 785 1633 πολλοῖς,
820 1545 875 1616 τὸν
907 1551 943 1614 δὲ
976 1547 1185 1635 χαρτοφύλα·

91 1665 142 1726 κα,
170 1647 240 1714 ἐπεὶ
256 1644 303 1732 μῆ
324 1646 475 1734 ἠβούλετο
504 1642 566 1713 dard
586 1650 643 1734 τῆς
667 1651 724 1715 τού
748 1647 996 1734 χαρτοφύλακος
1023 1641 1114 1726 ύξίας
1137 1649 1201 1722 είς·

88 1735 187 1830 ἒτίραν
210 1746 342 1829 μείζονα
362 1749 602 1832 μετενεχθῆναι,
636 1744 737 1833 αύτην
756 1742 871 1830 ἑαυτῆς
891 1741 1037 1830 ἐποίησεν
1056 1747 1184 1826 ἐντιμο-
1254 1807 1259 1814 .

59 1843 187 1928 itatem,
222 1850 327 1931 μέγαν
355 1843 589 1934 χαρτοφύλακα
616 1844 896 1934 προσαγορεύσας·
939 1845 996 1908 καί
1025 1842 1081 1908 εἶπ’
1102 1839 1185 1908 διιεί-

83 1963 132 2006 νοο
151 1944 197 2020 είς
216 1949 314 2032 deripe
334 1950 377 2036 τῷ
407 1944 633 2033 χαρτοφύλανι
654 1944 843 2024 διασώζεται
862 1940 901 2018 τύ
921 1947 1039 2028 μέγας.
1080 1941 1182 2025 Μύρ-

84 2063 133 2106 τον
151 2044 187 2110 δὲ
206 2045 439 2132 Καβαλλύριον
460 2041 517 2110 τύν
536 2047 593 2110 τοῦ
612 2045 747 2132 Βύρδα,
782 2040 818 2120 ὃς
837 2034 877 2127 ἦν
898 2038 960 2109 tut
980 2043 1045 2106 τῶν
1064 2041 1182 2124 τειχῶν
1192 2053 1220 2108 Ρ.
1228 2047 1281 2116 193

82 2138 226 2230 πρότερον
256 2143 339 2230 πρὸς
365 2141 460 2233 ύβριν
486 2149 617 2229 βασιλεῖ
638 2144 865 2227 διειλεγμένος,
893 2143 1057 2208 ἐκέλευσεν
1078 2139 1185 2227 ἀχθῆ-

83 2263 132 2304 ναι
146 2239 229 2328 ’πρὸς
257 2239 398 2312 αύτόνὸ
424 2245 594 2328 βασιλεύς.
630 2238 648 2309 ύ
670 2247 706 2310 δὲ
726 2245 781 2309 καὶ
800 2245 877 2330 πρίν
897 2239 1090 2327 ζητηθῆναι,
1132 2232 1185 2306 σία
1212 2303 1215 2310 .

47 2339 250 2426 ιοέγθίγξατο
283 2341 394 2428 εἰδούς,
430 2338 500 2426 ύμα
528 2345 574 2433 τῷ
602 2347 769 2412 πυθέσθαι
789 2342 881 2421 ἐντύς
900 2335 983 2406 εἶναι
1002 2339 1183 2418 Βυζαντίον

79 2442 223 2527 βασιλέα,
267 2445 304 2510 ἐν
335 2439 510 2528 ὑπονόμοις
535 2441 591 2509 καί
621 2439 751 2520 ἀδύτοις
782 2441 848 2509 τισὶ
878 2441 1076 2526 κατέκρυψεν
1106 2431 1185 2502 ἕνα·

77 2535 145 2605 τύν.
172 2541 294 2630 πολλὴν
314 2544 349 2608 δὲ
370 2543 430 2630 την
449 2545 525 2630 περὶ
542 2541 603 2631 τὴν
624 2544 723 2610 αύτού
746 2545 874 2629 ζήτησιν
894 2537 924 2608 οἱ
946 2539 1184 2627 προστεταγμέ-

77 2661 123 2703 να
142 2641 372 2729 εἰσενεγκόντες
391 2642 542 2732 σπονδὴν,
565 2642 758 2731 εύρίσκονσί
773 2666 807 2708 τε
830 2639 887 2707 καί
906 2633 1037 2726 ύγοσσιν
1056 2639 1102 2712 είς
1120 2639 1205 2719 βα-“

76 2741 185 2809 σι’λεια.
211 2743 328 2831 ’φήμης
349 2745 384 2808 δὲ
405 2743 654 2832 διαδραμούσης,
675 2739 720 2819 ὥς
742 2737 758 2806 ὅ
780 2737 930 2826 ὑβριστής
950 2739 1067 2812 &atim
1086 2739 1183 2818 βασι·

45 2841 152 2919 εΒλὲας
172 2843 221 2921 εἰςΙ
241 2840 284 2911 τοὶ
305 2841 455 2928 βασιλεια
476 2835 586 2930 ύγεται
612 2837 905 2928 κολασθησόμενος,
940 2839 1139 2924 συνέδραμεν
1159 2832 1182 2922 ἧ

78 3007 309 3068 stomachabatur
327 3015 401 3068 enim
418 3011 575 3084 patriarcha
595 3027 775 3083 magnopere,
804 3017 834 3063 ct
851 3016 884 3062 ut
923 3002 1094 3060 roditoribur
1114 3019 1182 3073 anp-

74 3081 156 3150 plicia
171 3084 325 3156 irroganda
336 3084 529 3138 arbitrabatur.
564 3084 815 3136 verumenimvero
828 3025 958 3149 precibus
989 3077 1093 3128 uamria
1108 3075 1182 3126 mul-

73 3153 107 3204 tia
125 3155 219 3208 locum
241 3157 350 3208 nullum
370 3156 563 3227 relinquebat,
588 3153 663 3226 quod
691 3152 848 3214 dictitaret,
882 3149 1073 3219 indignissima
1095 3162 1125 3198 ae
1145 3143 1181 3197 ab

75 3223 140 3290 iptio
162 3232 295 3280 allectum
308 3227 413 3280 iniuria
430 3235 458 3279 et
468 3225 657 3297 proditionem
671 3239 718 3276 eor
741 3223 818 3276 luere
832 3229 967 3292 oportere.
1005 3218 1058 3270 Ubi
1069 3217 1181 3269 domum

71 3294 154 3349 rediit
176 3298 349 3367 imperator,
377 3299 582 3368 metropolitam
602 3295 748 3348 Pherarum
768 3311 829 3346 cum
851 3291 947 3345 Cutale
969 3288 1181 3359 chartophylace

71 3373 100 3416 et
117 3367 274 3434 Cyberiota
289 3370 519 3422 manarteriorum
534 3366 674 3437 praecide,
693 3367 741 3438 qni
753 3365 835 3490 tpaud
853 3364 937 3416 abeo
955 3363 1107 3424 rtetiaaent,
1124 3360 1182 3412 ali·

71 3439 205 3506 quamdiu
234 3443 266 3493 in
296 3441 422 3493 custodia
446 3441 571 3503 lucrant,
605 3437 715 3493 accivit:
772 3453 787 3488 e
815 3433 903 3491 officio
926 3434 1058 3506 praestito
1098 3432 1181 3484 ratiaa

70 3511 167 3563 retulit
183 3519 215 3562 et
230 3510 446 3564 honoriburcor
461 3511 578 3566 ornavit.
616 3506 847 3578 Chartopbylaci‚
874 3508 939 3579 quia
960 3506 1076 3557 maiorer
1110 3519 1182 3554 ono-

70 3593 112 3630 εει
126 3597 276 3651 capessere
292 3581 419 3647 nolebat,
440 3599 539 3634 munus
558 3583 649 3633 effecit
662 3577 853 3649 splendidius,
871 3591 1054 3649 magnumque
1072 3574 1184 3626 charto-

70 3649 221 3718 phylacem
241 3654 411 3718 nominavit3
435 3651 510 3724 quod
528 3651 674 3723 epitheton
696 3649 900 3718 chartophylaci
917 3665 1003 3718 usquc
1020 3643 1105 3697 hodie
1123 3659 1183 3694 ma-

68 3731 125 3776 net.
162 3724 281 3776 Deinde
302 3724 425 3776 Marcum
447 3724 632 3776 Caballarium
651 3721 757 3774 bardae
781 3721 885 3782 lilium,
917 3719 967 3804 qui
990 3716 1025 3768 de
1051 3731 1129 3767 muro
1151 3715 1183 3766 in

70 3792 162 3860 iprum
178 3791 380 3847 contumeliam
399 3803 525 3858 torserat,
545 3793 579 3846 ad
594 3811 623 3846 ae
638 3791 831 3849 adducendum
845 3797 960 3842 curavit.
996 3789 1021 3838 la
1039 3783 1112 3836 haud
1130 3783 1184 3834 im-

68 3879 195 3930 memor,
221 3881 294 3937 qnae
309 3865 487 3928 blateraaret,
513 3874 660 3934 antequam
678 3864 905 3931 investigaretur,
932 3859 1015 3910 rimul
1033 3855 1183 3924 imperato-

69 3951 127 3988 rem
144 3940 314 4004 Byzantium
337 3937 451 3990 inivlrae
474 3936 599 4000 audivit,
625 3936 655 3987 in
679 3936 766 3986 loreia
786 3929 952 4002 quibusdam
972 3929 1097 3997 locisque
1114 3923 1184 3975 aub-

70 4011 212 4060 terraneia
234 4025 264 4059 ae
284 4005 443 4072 abacorum,
471 4015 503 4059 ut
521 4007 556 4058 ad
575 4004 794 4077 conquirendum
818 4001 935 4063 delecti,
963 3999 1051 4050 multo
1071 3993 1182 4047 tandem

69 4075 169 4133 labore
184 4095 255 4132 eum
269 4077 439 4142 invenerint,
467 4093 550 4148 quem
563 4079 592 4130 in
612 4077 748 4146 palatium
766 4073 961 4143 perduxerunt
999 4071 1082 4123 Fama
1094 4064 1184 4116 diare-

69 4149 196 4214 minata,
223 4150 396 4218 petulantem
414 4151 492 4201 illum
514 4149 722 4202 convitiatorem
746 4142 918 4214 imperatoria
940 4142 969 4194 in
987 4139 1125 4209 palatium
1147 4132 1183 4186 ad

69 4237 180 4292 poema
196 4219 318 4285 abduci,
336 4221 402 4274 urba
420 4229 479 4275 cota
495 4219 529 4273 ad
546 4217 722 4292 apectandam
738 4215 833 4270 miseri
848 4229 944 4268 necem
961 4213 1111 4266 concurrat.
1147 4207 1184 4258 tlt
