3074 4934
326 311 409 396 260
475 303 484 326 '
727 324 1008 395 mursensem

178 489 482 580 acuam-cumnis
509 481 567 552 osis
597 481 870 571 εδκαταφρὸνητον
896 473 1168 566 συνηθροικότας,
1203 470 1272 560 ἅμα
1298 477 1334 544 δὲ
1360 473 1417 540 και*

327 591 494 679 Τριβαλῶν
522 581 581 652 oris
607 576 714 668 ὄλίγην
733 583 923 663 συμμαχιλιν
945 579 1169 661 ἐπαγομένους,
1201 583 1320 661 χωρεῖν
1337 579 1415 675 ματ)

291 692 430 761 eaeor.
450 683 601 774 βασιλίδα
628 686 664 750 δέ
687 681 746 768 τήν
767 681 869 746 αὐτοῦ
889 675 1029 763 γαμετήν
1054 679 1090 744 ἐν
1113 673 1336 764 Διδυμοτεέχιρ
1359 699 1418 740 κα-

323 792 505 858 ταλέλοιπεν
525 782 593 870 ἅμα
615 786 653 873 τῇ
681 782 783 848 edroi
809 781 883 868 θείρ
917 778 1070 867 Θεοδώρρ
1099 777 1140 862 τῇ
1170 777 1418 862 Καντακουζηεῇ

325 893 364 977 τῇ
382 891 439 954 τοῦ
464 887 601 972 μεγάλου
627 881 813 965 δομεστέκου
834 876 943 966 μητρέ.
969 873 1132 962 γενόμενος
1152 877 1187 940 δὲ
1206 877 1241 940 ἓν
1259 877 1291 939 Γ
1287 870 1436 960 puriori-5

324 1012 380 1055 νου
404 985 495 1052 πόλει
523 987 598 1070 περὶ
622 979 754 1066 ἒκβολοὶς
780 981 836 1066 τῆς
866 976 995 1066 Θρᾴκης
1023 976 1170 1064 κειμένη,
1193 971 1420 1060 Ξένην-αδτοῦ

324 1090 448 1174 μητέρα
462 1083 519 1172 τήν
535 1084 686 1167 βασιλίδα
702 1073 817 1166 τήνέκ
838 1079 1023 1156 Βυζαντίου
1040 1074 1195 1142 ἐπάνοδον
1214 1075 1314 1140 αὐτοῦ
1329 1097 1420 1158 περι-

324 1189 484 1270 μένουσαν
500 1174 601 1268 εὗρεν.
622 1175 704 1264 αὕτη
722 1177 783 1266 γὰρ
810 1175 860 1242 ἔτι
881 1179 944 1241 τῶν
964 1172 1042 1276 πρὸς
1066 1171 1220 1259 ἀλλήλους
1241 1181 1308 1248 τοῖς
1326 1176 1421 1254 βασι-

327 1287 417 1350 λεῦσι
437 1283 580 1348 σπονδῶν
603 1279 724 1359 adenis,
744 1275 824 1364 πρὸς
848 1279 1003 1361 βασιλέως
1028 1275 1167 1363 ᾐτήσατο
1191 1275 1249 1338 τοῦ
1265 1273 1421 1357 κηδεστοῦ

318 1382 406 1469 ’πρὸς
432 1383 664 1471 Θεσσαλονιλιηυ
687 1381 721 1444 ἐν
742 1371 1015 1468 ᾦφροντιοτηριλρ
1034 1373 1073 1440 τὰ
1095 1371 1272 1459 μοναχικόν
1295 1368 1459 1460 ήμφιοὶ-ιο

225 1519 230 1526 ·
327 1505 406 1550 σατο
419 1484 530 1564 σχῆμα
550 1478 645 1545 πάλιν
660 1481 863 1544 ἐπανελθεῖν·
892 1478 948 1542 καὶ
968 1474 1148 1564 ἐπετράπη.
1180 1474 1224 1554 οἷς
1248 1476 1284 1539 δὲ
1300 1470 1420 1555 μεταξὺ

297 1583 385 1665 Βτῆς
400 1579 478 1644 ὁδοῦ
498 1577 516 1645 ὃ
534 1576 612 1666 πρὸς
628 1573 784 1664 ἀλλήλους
798 1579 862 1643 τοῖν
876 1579 1035 1660 βασιλέων
1050 1573 1187 1658 πόλεμος
1202 1569 1422 1660 ἆνεῤῥιτειίνθη,

328 1677 449 1760 ἔμεινεν
469 1679 503 1742 έν
518 1680 550 1741 Γ
546 1675 730 1762 ρατζιιένου,
750 1675 883 1741 δείσασα
899 1673 956 1758 τήν
970 1676 1101 1756 ἀταξίαν
1118 1678 1182 1740 τῶν
1196 1669 1360 1759 ἑσπερίων.
1378 1669 1424 1748 ὥς

327 1775 389 1863 γὰρ
407 1777 543 1861 ἠγγέλθη
564 1775 683 1856 αὐτοῖς,
703 1769 754 1839 ὅτι
773 1775 948 1839 διελέλυντο
963 1772 1006 1836 αῖ
1025 1772 1177 1853 σπονδαὶ,
1208 1770 1284 1849 τούς
1298 1775 1346 1860 τῷ
1361 1772 1423 1858 νέιρ

329 1881 460 1960 βασιλεῖ
474 1875 720 1962 προσκειμένους
735 1866 842 1959 εἶρξαν
856 1895 892 1936 τε
908 1869 1031 1948 πάντας
1048 1870 1104 1936 κατ’
1126 1867 1213 1955 εἶχον
1230 1868 1266 1937 ἐν
1283 1867 1464 1959 φρουρᾷ.ῑό

329 1975 452 2062 ἡμέρας
472 1977 508 2039 δὲ
529 1969 722 2058 ἆλτ’γαςᾶμα
737 1976 778 2060 τῇ
795 1974 895 2056 μητρὶ
909 1973 1083 2058 διατρίψας
1100 1971 1219 2054 ositeri,
1248 1974 1319 2037 έπεδ
1342 1971 1364 2056 ἢ
1390 1973 1426 2038 ἐκ

330 2077 387 2159 τῆς
407 2069 545 2161 ἑσπέρας
571 2072 704 2159 στρατιὰ
727 2067 866 2158 η’γγέλθη
893 2072 969 2156 περὶ
982 2069 1122 2158 Δράμαν
1143 2074 1200 2136 κατ’
1226 2070 1282 2156 τὴν
1306 2067 1428 2136 Φιλέα-

331 2195 405 2256 που,
415 2171 522 2250 πόλεις
535 2168 769 2253 Μακεδονικὰς,
784 2169 1114 2256 ἐστρατοπεδευκέναι,
1125 2171 1192 2258 θεῷ
1203 2169 1259 2235 κατ’
1268 2173 1308 2257 τῇ
1321 2167 1428 2236 πανά-

331 2297 393 2361 γνηι
406 2272 508 2337 αὐτοῦ
519 2269 621 2356 μητρὶ
634 2266 803 2352 εὐξάμενος
821 2268 877 2334 καί
885 2268 1006 2334 θυσίαν
1022 2271 1172 2346 αἰνέσεως
1186 2271 1295 2346 αὐτοῖς
1309 2267 1428 2350 θδσας,

332 2369 409 2448 τοδς
423 2368 479 2435 ἐπὶ
494 2378 564 2446 ταῖς
585 2371 737 2446 σπονδαῖς
758 2369 984 2454 γεγενημένους
1009 2372 1068 2435 τοῦ
1085 2373 1303 2455 πρεσβυτέρου
1328 2374 1471 2453 βασι-το

230 2470 264 2524 V.
278 2471 412 2544 ιορλέως
431 2463 555 2554 ὅρκους,
576 2465 633 2545 orie
652 2462 749 2545 αὐτὸς
768 2459 845 2558 ᾤετο
863 2463 1014 2554 εδορκιῖν,
1036 2469 1198 2534 ἐκέλευσεν
1218 2465 1273 2534 ἐπέ
1290 2471 1348 2554 τῆς
1369 2491 1430 2552 ση-

294 2633 297 2640 ,
331 2570 431 2650 μαιάς
451 2562 638 2648 ἀναθέντας,
661 2560 743 2631 situ*
755 2575 874 2652 χωρεῖν
893 2567 958 2632 τῶν
970 2572 1138 2650 πολεμίων.
1159 2562 1371 2651 ἐστρατήγουν
1393 2568 1431 2631 δέ

336 2666 442 2731 αὐτῶν
473 2659 500 2746 ὅ,
511 2688 545 2730 τε
565 2669 624 2730 τοῦ
644 2667 861 2752 πρεσβυτέρου
874 2669 1033 2748 βασιλέως
1051 2663 1184 2749 α’νεψιός
1199 2664 1337 2750 Ἀσάνης
1357 2669 1433 2730 Μι-

235 2762 423 2850 Ρ.101χαήλ
442 2763 497 2830 καί
516 2761 534 2829 ὁ
552 2759 697 2849 ὕπαρχος
717 2761 915 2846 Μονομάχος
935 2767 993 2829 καί
1009 2763 1025 2831 ὃ
1046 2763 1331 2852 πρωτοβεστιάριος
1351 2769 1433 2830 Πα-

338 2916 459 2988 agmine,
479 2923 508 2970 et
525 2931 585 2968 cum
594 2917 769 2970 Tribnlorum
795 2934 852 2970 uon
870 2915 986 2970 modicis
1004 2918 1115 2971 auxiliis
1135 2937 1164 2972 se
1180 2927 1368 2990 oppugnatum
1384 2935 1434 2974 ve-

338 2991 400 3042 nire
417 2989 600 3040 intellexerat.
638 2989 754 3039 Uxorem
766 2986 916 3056 Augustam
933 3005 994 3040 cum
1015 2991 1178 3044 consobrina
1194 2991 1341 3044 Theodora
1359 2992 1436 3044 Cau·

338 3069 487 3120 taeuzens,
505 3060 595 3128 magni
614 3057 757 3110 domestici
777 3067 878 3122 matre,
896 3059 1085 3125 Didymotichi
1106 3062 1247 3132 relinquit.
1285 3063 1434 3132 Postquam

340 3129 551 3216 §ratiauopolin
568 3131 600 3182 in
624 3128 725 3181 linibus
752 3126 886 3212 Tlrraciue
905 3131 1024 3198 positam
1051 3133 1157 3202 attigit,
1183 3133 1436 3216 lienam-matrem

341 3198 1435 3340 tttltll‘lttitltilll‘lptlilttitillti‘ctnlle‘lltiffi

341 3339 378 3392 ad
395 3343 590 3392 monasterium
612 3338 841 3404 Thessalonicae,
865 3342 896 3392 iu
914 3357 968 3413 quo
986 3346 1167 3397 monasticum
1190 3343 1326 3398 induisset
1348 3344 1436 3396 habi·

342 3419 411 3474 tum,
430 3409 519 3462 redire
538 3411 576 3463 las
595 3417 679 3462 esset:
698 3429 753 3483 qno
771 3419 835 3465 voto
853 3413 942 3482 potita
960 3419 1009 3465 est.
1046 3414 1118 3466 Dum
1133 3422 1224 3468 autem
1239 3417 1436 3483 proficiscitur,

342 3480 418 3532 bello
436 3481 509 3532 iuter
526 3482 702 3550 imperatores
718 3482 864 3546 concitato,
883 3481 1084 3550 Gratianopoli‚
1103 3485 1314 3539 occidentalium
1328 3487 1437 3537 tumul-

343 3560 402 3605 tum
420 3559 449 3602 et
465 3549 639 3604 insolentiam
657 3559 798 3616 metuens,
821 3552 954 3605 substitit.
993 3553 1091 3606 Statim
1117 3559 1293 3628 animatque
1317 3557 1438 3609 nuntia-

342 3631 402 3677 tum
419 3629 469 3685 est,
489 3621 585 3675 foedus
604 3625 728 3691 periisse,
749 3632 886 3693 quotquot
902 3623 982 3676 rehus
1003 3626 1119 3678 iunioris
1137 3627 1209 3680 bene
1228 3627 1381 3696 cupiebant
1407 3629 1439 3680 in

343 3694 494 3746 custodiam
522 3694 580 3746 dati
605 3702 678 3751 sunt.
722 3695 817 3746 Peneis
835 3710 916 3761 porro
942 3695 1040 3748 (liebus
1065 3715 1126 3748 curn
1152 3707 1237 3751 matre
1255 3700 1439 3767 consumptis,

343 3763 401 3816 nbi·
418 3765 532 3816 nuntius
557 3765 657 3816 allatus
684 3774 741 3828 est,
766 3766 917 3820 exercitum
944 3765 1142 3819 occidentalem
1169 3769 1239 3822 eirca
1259 3768 1388 3820 Dramam
1408 3775 1439 3818 et

246 3880 249 3892 .
343 3825 495 3904 Philippos,
506 3835 684 3888 Macedoniae
702 3831 815 3904 oppida,
834 3837 1029 3898 castrametari,
1051 3839 1141 3890 Deum
1157 3841 1272 3910 eiusque
1290 3847 1438 3908 parentem

344 3907 519 3958 castissimam
537 3915 723 3976 comprecatus
738 3915 766 3958 et
776 3907 939 3958 sacrificium
957 3907 1045 3959 laudis
1060 3909 1158 3962 iisdem
1169 3911 1333 3974 sacrificans,
1352 3909 1439 3960 iussit

345 3977 548 4041 iusiurandum,
574 3977 649 4048 quod
667 3994 731 4028 avus
756 3977 786 4027 in
806 3977 918 4029 loedere
936 3978 1083 4031 sanciendo
1105 3981 1206 4033 iuraret
1233 3988 1261 4032 ct
1276 3995 1385 4032 servare
1405 3995 1437 4030 se

344 4049 474 4116 putabat,
494 4051 523 4100 in
542 4049 642 4100 vexillo
661 4047 808 4116 suspendi,
836 4055 864 4099 et
883 4056 956 4100 reeta
974 4049 1004 4099 in
1021 4047 1114 4104 hostes
1131 4050 1297 4120 procedere,
1314 4065 1436 4120 qnorum

346 4118 428 4170 duces
445 4119 618 4188 imperatoris
637 4121 752 4170 senioris
778 4135 812 4169 ex
833 4134 926 4171 sorore
944 4119 1017 4170 iilius
1041 4119 1160 4174 Michael
1175 4121 1292 4182 daenes,
1324 4127 1353 4172 et
1369 4119 1437 4170 leio-

344 4188 493 4240 nomaclsus
511 4189 674 4257 praelectus,
695 4195 725 4240 et
746 4183 918 4240 Andronicus
935 4189 1111 4261 Palaeologus
1132 4193 1373 4260 protovestiarius,
1403 4205 1437 4238 ae

345 4267 408 4326 post
424 4277 471 4312 cos
489 4259 646 4314 Demetrius
664 4258 793 4329 despota,
816 4260 988 4328 imperatoris
1011 4261 1102 4330 liliusq
1128 4260 1302 4315 Tribalorum
1327 4259 1438 4314 derode-
