3128 4922
484 305 509 366 1.
537 303 718 370 rossus
746 275 985 371 emmeno.
1236 315 1277 380 rr

188 475 368 540 excellentes
392 485 495 538 tamen
530 482 621 557 atque
647 475 796 559 perfectos
820 475 985 540 admodum
1010 497 1096 541 raros
1123 481 1282 546 nominare

189 577 360 662 possumus)
382 574 479 636 nihilo
497 575 598 636 minus
614 575 647 640 iu
669 577 728 638 ista
743 586 976 662 quantacunque
992 580 1211 663 interpretandi
1227 583 1282 644 dc-

189 679 367 762 fatigatione
403 697 440 738 ao
475 673 631 754 molestia,
659 678 808 738 suavitate
830 678 962 758 quadam
984 680 1198 762 perfunditur,
1230 703 1282 744 ex-

189 779 353 864 pleturque
372 780 510 855 animus,
537 795 609 838 cum
632 775 690 838 sibi
713 779 747 837 in
772 779 841 839 sinu
863 779 1088 860 quodammodo
1110 785 1193 846 nasci
1213 783 1282 844 tlre-

190 901 318 944 snorum
337 877 442 956 videt,
464 876 546 938 unde
563 874 714 938 bonerum
728 875 900 942 litterarum
917 877 1010 940 ditior
1030 881 1156 944 evadat:
1187 903 1282 965 quae-

190 1003 252 1064 que
268 980 416 1042 hostem
430 987 478 1038 tot
492 976 671 1058 hominum,
692 981 784 1040 etiam
808 977 1018 1058 eruditorum,
1045 981 1141 1047 millis
1159 983 1282 1064 ignora·

193 1090 282 1156 runt,
319 1077 478 1160 msdthue
505 1077 640 1160 diutius,
671 1099 707 1140 ac
737 1090 885 1162 perpetuo
912 1079 1038 1142 forsitan
1078 1083 1282 1164 ignorassent,

193 1201 228 1242 ss
239 1180 382 1262 princeps
403 1179 578 1262 cognoscit,
615 1189 646 1240 ct
665 1179 902 1262 sollicimdines,
924 1203 1049 1266 operam
1075 1193 1167 1266 atque
1197 1201 1284 1247 cona·

190 1291 241 1344 sus
272 1299 345 1342 suos
374 1299 429 1362 spe
456 1289 488 1340 et
505 1278 617 1341 fiducia
648 1289 752 1363 gratae
774 1281 959 1364 posteritatis
980 1279 1166 1344 consolatur.

275 1380 421 1442 Ceterum
440 1399 512 1442 eum
531 1382 565 1442 in
587 1378 646 1442 hoc
668 1401 790 1465 quoque
808 1393 872 1444 tam
893 1385 1058 1466 praestanti
1073 1401 1201 1444 munere
1220 1381 1284 1444 ela-

191 1479 343 1560 borandi,
364 1491 396 1544 et
413 1477 540 1563 aliquod
560 1499 672 1562 operae
688 1484 821 1564 pretium
840 1481 969 1546 faciendi
982 1481 1124 1544 voluntas
1138 1503 1202 1544 nou
1219 1501 1285 1544 me·

191 1579 381 1644 ciconiam
399 1579 520 1663 pridem
540 1579 617 1642 mihi
639 1579 723 1642 haud
745 1581 896 1663 desuerit,
922 1581 1121 1644 nihilominus
1140 1585 1205 1644 eius
1226 1582 1286 1644 dif-

192 1680 342 1744 ficultates
361 1681 545 1764 cogitatione
567 1680 843 1763 complectentem,
872 1703 936 1744 non
950 1683 1074 1767 quidem
1096 1684 1197 1766 pudor
1212 1683 1287 1745 sub-

192 1782 343 1859 rusticus,
376 1779 431 1846 sed
449 1791 548 1842 metus
573 1781 718 1864 quidam,
753 1793 789 1844 ut
811 1783 965 1861 arbitror,
994 1787 1145 1868 ingenuus
1168 1803 1289 1866 semper

193 1881 370 1944 abstermit.
411 1879 455 1943 Et
475 1883 577 1942 nescio
599 1883 754 1964 quomodo
770 1883 876 1944 haeret
895 1886 928 1944 in
948 1883 1110 1962 medullis,
1136 1905 1193 1946 neo
1208 1883 1288 1946 obli·

195 1982 272 2042 visci
297 2001 396 2062 queo,
425 1980 515 2062 'quod
539 1980 621 2062 apud
646 1984 825 2063 scriptorem
850 1985 1072 2065 persapientem
1096 1984 1197 2070 legere
1223 2005 1289 2044 me·

196 2082 292 2144 minis
330 2091 486 2164 praestare
504 2083 632 2160 timere,
668 2103 762 2164 quam
789 2081 903 2144 audcre
928 2085 961 2144 iu
981 2081 1103 2148 litteris.
1152 2083 1291 2144 Accessit

194 2179 234 2242 ad
254 2201 303 2243 me
318 2179 559 2262 retardandum,
579 2181 662 2265 quod
677 2184 732 2266 qui
752 2184 924 2266 primorum
946 2185 1055 2266 primi,
1082 2184 1289 2266 signiferiquc,

193 2291 286 2364 etque
314 2281 414 2361 adeo,
446 2285 499 2365 qui
523 2283 725 2365 interpretum
745 2283 900 2364 ,familiam
931 2283 1043 2346 ducere
1068 2285 1290 2363 existimentur,

192 2381 245 2446 vel
265 2385 298 2444 in
321 2403 386 2446 uuo
411 2381 491 2444 libro
517 2381 724 2447 convertendo
750 2383 934 2446 creberrime
965 2381 1163 2463 hallucinati,
1199 2393 1292 2466 atque

191 2481 335 2564 alineis,
359 2482 444 2566 quod
454 2482 587 2562 dicitur,
607 2482 770 2562 excidisse,
791 2482 1018 2566 diligentiorum
1030 2483 1293 2546 animadversione

193 2582 377 2666 deprehensi
396 2593 481 2646 sunt.
535 2583 696 2662 Quaenam
719 2605 792 2667 ergo
824 2583 901 2646 mihi
925 2584 1091 2646 snnidocto
1118 2583 1199 2646 fama
1221 2605 1293 2666 spe·

192 2683 291 2746 reuda
307 2684 388 2745 fluet
435 2683 556 2748 Verum
577 2685 754 2764 enuuvero,
788 2695 983 2746 cunctantem
1019 2705 1056 2746 ac
1089 2683 1294 2768 trepidantem

193 2787 378 2866 sapientium
398 2786 539 2848 virorum
560 2785 725 2848 auctoritas
747 2787 936 2866 commovit,
970 2786 1098 2869 ipsaque
1117 2785 1196 2846 ratio
1218 2803 1292 2844 con-

193 2883 350 2964 firmavit,
384 2895 420 2946 ut
446 2883 612 2968 aliquando
635 2886 669 2946 in
699 2883 817 2946 isthanc
842 2885 1026 2968 palaesmam
1056 2883 1291 2946 descenderem:

193 2983 365 3066 siquidem,
400 2985 485 3048 iusta
509 2981 690 3066 vulgatum,
729 3005 822 3050 nemo
853 2987 989 3046 nascitur
1014 2985 1141 3047 artifess
1187 2994 1219 3044 et
1242 3001 1293 3044 ars

193 3083 281 3146 nulla
310 3095 376 3164 est,
415 3085 449 3146 in
474 3103 537 3166 qua
562 3103 626 3145 uon
653 3085 809 3166 peccando
834 3085 988 3146 discaturs
1028 3083 1174 3166 quodque
1203 3081 1293 3152 nobis

192 3187 297 3268 pueris
328 3185 485 3268 quondam
515 3194 727 3268 praeceptores
748 3185 781 3244 ia
803 3183 877 3250 ludo
901 3183 1098 3268 ingerebant,
1135 3185 1189 3266 qui
1211 3205 1292 3252 nun«

195 3307 287 3368 quam
305 3285 409 3366 male,
437 3305 596 3368 nunquam
616 3283 704 3350 bene.
752 3283 883 3346 Factum
906 3287 1020 3367 igitur,
1048 3295 1083 3346 ut
1105 3307 1176 3346 cum
1202 3283 1292 3348 Sere-¹

195 3389 338 3448 missimus
360 3387 507 3448 Boiorum
522 3387 663 3468 princeps
677 3384 903 3450 Maximiliauus
917 3383 1074 3448 societatis
1096 3397 1220 3448 nostrne
1235 3383 1292 3452 do,-

196 3489 327 3550 mesticis
347 3496 529 3570 potestatem
545 3485 711 3552 liberaliter
747 3497 841 3570 atque
867 3485 951 3548 ultro
964 3487 1179 3565 concessisset,
1200 3505 1219 3544 e
1233 3505 1292 3544 vo-

194 3587 363 3650 luminibus
391 3588 515 3650 Graecis
544 3585 663 3650 calamo
688 3589 817 3650 exaratis
834 3589 984 3669 (quornm
1006 3585 1100 3647 habet
1118 3587 1151 3646 in
1179 3583 1293 3646 sibim

195 3687 286 3750 theca
305 3707 363 3750 sna
376 3686 563 3750 nobilissima
573 3686 766 3750 lectissimam
788 3690 927 3770 copiam)
944 3685 1166 3771 depromendi,
1201 3693 1232 3744 ot
1253 3683 1293 3742 ad

198 3807 391 3850 communem
425 3809 517 3850 usam
560 3786 879 3871 emolumentumque,
918 3789 1004 3852 cuius
1025 3790 1149 3848 incenso
1171 3793 1293 3845 tenetur

197 3885 370 3969 desiderio,
404 3888 624 3972 interpretandi
651 3909 730 3972 quae
750 3887 932 3972 placuisset,
972 3909 1028 3972 ego
1050 3890 1083 3956 in
1110 3885 1192 3946 huuc
1228 3903 1292 3946 non

195 3987 430 4052 Christodulum
445 3991 573 4074 utique,
602 3989 656 4052 sed
677 3991 710 4050 in
733 3991 920 4074 ipsissimum
942 3990 1088 4052 loannem
1105 3987 1291 4049 Cantccuze·

193 4109 272 4154 num
296 4089 476 4153 inciderim:
514 4111 576 4174 quo
598 4090 637 4151 ad
664 4101 786 4174 gemm
812 4091 1054 4180 sententiamque
1082 4107 1182 4148 meam
1213 4083 1291 4146 nihil

195 4189 478 4276 accommodatius,
506 4189 584 4260 nihil
605 4190 645 4258 ed
665 4192 766 4282 prima
783 4189 909 4256 militiae
930 4189 1021 4260 huius
1041 4187 1187 4258 munda
1209 4188 1290 4270 peri-
