<?xml version="1.0" encoding="UTF-8"?>
<!DOCTYPE html PUBLIC "-//W3C//DTD XHTML 1.0 Transitional//EN"
    "http://www.w3.org/TR/xhtml1/DTD/xhtml1-transitional.dtd">
<html xmlns="http://www.w3.org/1999/xhtml" xml:lang="en" lang="en">
 <head>
  <title>
</title>
<meta http-equiv="Content-Type" content="text/html;charset=utf-8" />
  <meta name='ocr-system' content='tesseract 3.04.00' />
  <meta name='ocr-capabilities' content='ocr_page ocr_carea ocr_par ocr_line ocrx_word'/>
</head>
<body>
  <div class='ocr_page' id='page_1' title='image "./ioanniscantacuz01niebgoog_0120.png"; bbox 0 0 3114 4930; ppageno 0'>
   <div class='ocr_carea' id='block_1_1' title="bbox 451 331 1220 418">
    <p class='ocr_par' dir='ltr' id='par_1_1' title="bbox 451 331 1220 418">
     <span class='ocr_line' id='line_1_1' title="bbox 451 331 1220 418; baseline -0.003 -6"><span class='ocrx_word' id='word_1_1' title='bbox 451 341 733 412; x_wconf 74' lang='grc' dir='ltr'><strong><em>οιετοοιλοοο</em></strong></span> <span class='ocrx_word' id='word_1_2' title='bbox 763 345 789 408; x_wconf 86' lang='grc' dir='ltr'><strong>ι.</strong></span> <span class='ocrx_word' id='word_1_3' title='bbox 818 342 866 414; x_wconf 80' lang='grc' dir='ltr'><strong><em>ιο.</em></strong></span> <span class='ocrx_word' id='word_1_4' title='bbox 1166 331 1220 418; x_wconf 76' lang='lat'><strong>79</strong></span> 
     </span>
    </p>
   </div>
   <div class='ocr_carea' id='block_1_2' title="bbox 89 485 1359 2767">
    <p class='ocr_par' dir='ltr' id='par_1_2' title="bbox 89 485 1359 2767">
     <span class='ocr_line' id='line_1_2' title="bbox 127 485 1359 594; baseline -0.014 -25"><span class='ocrx_word' id='word_1_5' title='bbox 127 525 184 588; x_wconf 85' lang='grc' dir='ltr'><strong>ραν</strong></span> <span class='ocrx_word' id='word_1_6' title='bbox 200 499 283 594; x_wconf 66' lang='lat' dir='ltr'><strong>uuir}</strong></span> <span class='ocrx_word' id='word_1_7' title='bbox 297 495 494 582; x_wconf 74' lang='grc' dir='ltr'><strong><em>συλλαβόντα</em></strong></span> <span class='ocrx_word' id='word_1_8' title='bbox 510 499 568 565; x_wconf 75' lang='grc' dir='ltr'><strong><em>κατ’</em></strong></span> <span class='ocrx_word' id='word_1_9' title='bbox 579 501 828 566; x_wconf 71' lang='grc' dir='ltr'><strong><em>κατακλείσαντα</em></strong></span> <span class='ocrx_word' id='word_1_10' title='bbox 845 492 974 583; x_wconf 77' lang='grc' dir='ltr'><strong><em>φρουρᾷ</em></strong></span> <span class='ocrx_word' id='word_1_11' title='bbox 985 493 1042 577; x_wconf 83' lang='grc' dir='ltr'><strong>τής</strong></span> <span class='ocrx_word' id='word_1_12' title='bbox 1059 485 1122 556; x_wconf 79' lang='grc' dir='ltr'><strong><em>αἰπὰ</em></strong></span> <span class='ocrx_word' id='word_1_13' title='bbox 1143 485 1282 554; x_wconf 71' lang='lat' dir='ltr'><strong>rosi-sc.</strong></span> <span class='ocrx_word' id='word_1_14' title='bbox 1297 499 1359 556; x_wconf 76' lang='lat' dir='ltr'><strong>rias</strong></span> 
     </span>
     <span class='ocr_line' id='line_1_3' title="bbox 125 586 1217 686; baseline -0.015 -20"><span class='ocrx_word' id='word_1_15' title='bbox 125 625 191 666; x_wconf 86' lang='grc' dir='ltr'><strong>ταν</strong></span> <span class='ocrx_word' id='word_1_16' title='bbox 217 595 425 685; x_wconf 75' lang='grc' dir='ltr'><em>ἀπηλλάχθαι</em></span> <span class='ocrx_word' id='word_1_17' title='bbox 450 598 633 686; x_wconf 74' lang='grc' dir='ltr'><strong><em>φροντιῦος·</em></strong></span> <span class='ocrx_word' id='word_1_18' title='bbox 666 601 704 662; x_wconf 81' lang='grc' dir='ltr'><strong>τέ</strong></span> <span class='ocrx_word' id='word_1_19' title='bbox 725 593 786 682; x_wconf 74' lang='grc' dir='ltr'><strong>γὰρ</strong></span> <span class='ocrx_word' id='word_1_20' title='bbox 818 592 908 660; x_wconf 75' lang='grc' dir='ltr'><strong><em>ἔσται</em></strong></span> <span class='ocrx_word' id='word_1_21' title='bbox 936 588 973 658; x_wconf 84' lang='grc' dir='ltr'><strong>τῦ</strong></span> <span class='ocrx_word' id='word_1_22' title='bbox 996 591 1139 656; x_wconf 77' lang='grc' dir='ltr'><strong><em>κωλῦσον</em></strong></span> <span class='ocrx_word' id='word_1_23' title='bbox 1160 586 1217 652; x_wconf 91' lang='grc' dir='ltr'><strong><em>τοῦ</em></strong></span> 
     </span>
     <span class='ocr_line' id='line_1_4' title="bbox 129 682 1218 784; baseline -0.016 -18"><span class='ocrx_word' id='word_1_24' title='bbox 129 703 233 766; x_wconf 86' lang='grc' dir='ltr'><strong><em>ταῦτα</em></strong></span> <span class='ocrx_word' id='word_1_25' title='bbox 258 695 525 784; x_wconf 76' lang='grc' dir='ltr'><strong><em>καταπράξασθαι</em></strong></span> <span class='ocrx_word' id='word_1_26' title='bbox 542 694 599 763; x_wconf 86' lang='grc' dir='ltr'><strong>τδν</strong></span> <span class='ocrx_word' id='word_1_27' title='bbox 621 700 776 781; x_wconf 71' lang='grc' dir='ltr'><strong><em>βασιλέας</em></strong></span> <span class='ocrx_word' id='word_1_28' title='bbox 807 698 863 759; x_wconf 74' lang='grc' dir='ltr'><strong><em>κατ’</em></strong></span> <span class='ocrx_word' id='word_1_29' title='bbox 883 695 958 758; x_wconf 87' lang='grc' dir='ltr'><strong><em>νοῦν</em></strong></span> <span class='ocrx_word' id='word_1_30' title='bbox 984 689 1096 774; x_wconf 76' lang='grc' dir='ltr'><strong><em>ἔχοντα</em></strong></span> <span class='ocrx_word' id='word_1_31' title='bbox 1129 682 1218 769; x_wconf 76' lang='grc' dir='ltr'><strong><em>λόγον</em></strong></span> 
     </span>
     <span class='ocr_line' id='line_1_5' title="bbox 129 781 1296 884; baseline -0.011 -22"><span class='ocrx_word' id='word_1_32' title='bbox 129 800 213 884; x_wconf 74' lang='grc' dir='ltr'><strong><em>ἐρεῖ,</em></strong></span> <span class='ocrx_word' id='word_1_33' title='bbox 235 796 272 863; x_wconf 86' lang='grc' dir='ltr'><strong>τὸ</strong></span> <span class='ocrx_word' id='word_1_34' title='bbox 288 798 429 862; x_wconf 87' lang='grc' dir='ltr'><strong><em>κωλῦσον</em></strong></span> <span class='ocrx_word' id='word_1_35' title='bbox 443 797 504 878; x_wconf 76' lang='grc' dir='ltr'><strong>μὲν</strong></span> <span class='ocrx_word' id='word_1_36' title='bbox 518 789 577 862; x_wconf 81' lang='grc' dir='ltr'><strong>οῦν</strong></span> <span class='ocrx_word' id='word_1_37' title='bbox 591 796 697 862; x_wconf 68' lang='grc' dir='ltr'><strong><em>οὐδέν·</em></strong></span> <span class='ocrx_word' id='word_1_38' title='bbox 716 791 846 861; x_wconf 89' lang='grc' dir='ltr'><strong><em>συνετὸν</em></strong></span> <span class='ocrx_word' id='word_1_39' title='bbox 865 793 901 858; x_wconf 78' lang='grc' dir='ltr'><strong>δέ</strong></span> <span class='ocrx_word' id='word_1_40' title='bbox 927 781 1003 856; x_wconf 84' lang='grc' dir='ltr'><strong><em>ῦντα</em></strong></span> <span class='ocrx_word' id='word_1_41' title='bbox 1020 786 1076 854; x_wconf 70' lang='grc' dir='ltr'><strong><em>κατ’</em></strong></span> <span class='ocrx_word' id='word_1_42' title='bbox 1095 786 1296 868; x_wconf 64' lang='lat' dir='ltr'><strong>nuituispffl</strong></span> 
     </span>
     <span class='ocr_line' id='line_1_6' title="bbox 110 882 1220 984; baseline -0.017 -16"><span class='ocrx_word' id='word_1_43' title='bbox 110 895 321 984; x_wconf 76' lang='grc' dir='ltr'><strong><em>5πραγμάτων</em></strong></span> <span class='ocrx_word' id='word_1_44' title='bbox 337 893 486 982; x_wconf 79' lang='grc' dir='ltr'><strong><em>ἔμπειρον</em></strong></span> <span class='ocrx_word' id='word_1_45' title='bbox 508 892 715 980; x_wconf 81' lang='grc' dir='ltr'><strong><em>τὸνβασιλέα</em></strong></span> <span class='ocrx_word' id='word_1_46' title='bbox 737 894 830 959; x_wconf 88' lang='grc' dir='ltr'><strong><em>τοῦτο</em></strong></span> <span class='ocrx_word' id='word_1_47' title='bbox 850 893 982 976; x_wconf 78' lang='grc' dir='ltr'><strong><em>λέληθεν</em></strong></span> <span class='ocrx_word' id='word_1_48' title='bbox 1000 888 1150 970; x_wconf 83' lang='grc' dir='ltr'><strong><em>οῦδαμῦς</em></strong></span> <span class='ocrx_word' id='word_1_49' title='bbox 1176 882 1220 961; x_wconf 70' lang='grc' dir='ltr'><strong><em>οἷς</em></strong></span> 
     </span>
     <span class='ocr_line' id='line_1_7' title="bbox 127 981 1220 1082; baseline -0.009 -22"><span class='ocrx_word' id='word_1_50' title='bbox 127 989 330 1076; x_wconf 70' lang='grc' dir='ltr'><strong><em>ἀλυσιτελὲς,</em></strong></span> <span class='ocrx_word' id='word_1_51' title='bbox 350 993 427 1082; x_wconf 82' lang='grc' dir='ltr'><strong><em>πρδυ</em></strong></span> <span class='ocrx_word' id='word_1_52' title='bbox 445 988 583 1082; x_wconf 71' lang='grc' dir='ltr'><strong><em>ἀκριβοῦς</em></strong></span> <span class='ocrx_word' id='word_1_53' title='bbox 604 997 755 1076; x_wconf 75' lang='grc' dir='ltr'><strong>ἐκμαθεῖν</strong></span> <span class='ocrx_word' id='word_1_54' title='bbox 775 983 886 1069; x_wconf 74' lang='grc' dir='ltr'><strong><em>ῦπῦσοα</em></strong></span> <span class='ocrx_word' id='word_1_55' title='bbox 903 991 986 1064; x_wconf 75' lang='grc' dir='ltr'><strong><em>τινὲς</em></strong></span> <span class='ocrx_word' id='word_1_56' title='bbox 1008 986 1065 1052; x_wconf 70' lang='grc' dir='ltr'><strong><em>κατ’</em></strong></span> <span class='ocrx_word' id='word_1_57' title='bbox 1082 981 1143 1054; x_wconf 81' lang='grc' dir='ltr'><strong><em>οἷοι</em></strong></span> <span class='ocrx_word' id='word_1_58' title='bbox 1163 983 1220 1071; x_wconf 87' lang='grc' dir='ltr'><strong>τήν</strong></span> 
     </span>
     <span class='ocr_line' id='line_1_8' title="bbox 124 1087 1220 1181; baseline -0.008 -22"><span class='ocrx_word' id='word_1_59' title='bbox 124 1097 204 1181; x_wconf 83' lang='grc' dir='ltr'><strong><em>πρὸς</em></strong></span> <span class='ocrx_word' id='word_1_60' title='bbox 224 1096 282 1178; x_wconf 76' lang='grc' dir='ltr'><strong>ἐμὲ</strong></span> <span class='ocrx_word' id='word_1_61' title='bbox 301 1093 485 1181; x_wconf 86' lang='grc' dir='ltr'><strong><em>προειλαντο</em></strong></span> <span class='ocrx_word' id='word_1_62' title='bbox 503 1093 688 1176; x_wconf 78' lang='grc' dir='ltr'><strong><em>κοινωνίαν,</em></strong></span> <span class='ocrx_word' id='word_1_63' title='bbox 710 1089 807 1175; x_wconf 79' lang='grc' dir='ltr'><strong><em>ὁμόσε</em></strong></span> <span class='ocrx_word' id='word_1_64' title='bbox 823 1087 904 1174; x_wconf 84' lang='grc' dir='ltr'><strong><em>πρδς</em></strong></span> <span class='ocrx_word' id='word_1_65' title='bbox 920 1087 955 1155; x_wconf 85' lang='grc' dir='ltr'><strong>τῦ</strong></span> <span class='ocrx_word' id='word_1_66' title='bbox 973 1091 1127 1169; x_wconf 71' lang='grc' dir='ltr'><strong><em>πολεμεῖν.</em></strong></span> <span class='ocrx_word' id='word_1_67' title='bbox 1149 1088 1220 1162; x_wconf 91' lang='grc' dir='ltr'><strong><em>δέος</em></strong></span> 
     </span>
     <span class='ocr_line' id='line_1_9' title="bbox 125 1179 1222 1280; baseline -0.007 -22"><span class='ocrx_word' id='word_1_68' title='bbox 125 1193 184 1280; x_wconf 66' lang='grc' dir='ltr'><strong>γὰρ</strong></span> <span class='ocrx_word' id='word_1_69' title='bbox 203 1191 251 1280; x_wconf 86' lang='grc' dir='ltr'><strong>μή</strong></span> <span class='ocrx_word' id='word_1_70' title='bbox 268 1195 394 1259; x_wconf 75' lang='grc' dir='ltr'><strong><em>πολλῶν</em></strong></span> <span class='ocrx_word' id='word_1_71' title='bbox 417 1216 511 1258; x_wconf 88' lang='grc' dir='ltr'><strong><em>τινων</em></strong></span> <span class='ocrx_word' id='word_1_72' title='bbox 526 1195 583 1258; x_wconf 73' lang='grc' dir='ltr'><strong><em>κατ’</em></strong></span> <span class='ocrx_word' id='word_1_73' title='bbox 600 1187 831 1260; x_wconf 75' lang='grc' dir='ltr'><strong><em>δυνατωτάτων</em></strong></span> <span class='ocrx_word' id='word_1_74' title='bbox 850 1181 950 1256; x_wconf 73' lang='grc' dir='ltr'><strong><em>ὄντων</em></strong></span> <span class='ocrx_word' id='word_1_75' title='bbox 967 1191 1022 1254; x_wconf 67' lang='grc' dir='ltr'><strong>ἕνα</strong></span> <span class='ocrx_word' id='word_1_76' title='bbox 1042 1179 1142 1272; x_wconf 75' lang='grc' dir='ltr'><strong><em>μὲνή</em></strong></span> <span class='ocrx_word' id='word_1_77' title='bbox 1165 1183 1222 1250; x_wconf 75' lang='grc' dir='ltr'><strong><em>κατ’</em></strong></span> 
     </span>
     <span class='ocr_line' id='line_1_10' title="bbox 127 1285 1222 1381; baseline -0.009 -24"><span class='ocrx_word' id='word_1_78' title='bbox 127 1291 371 1381; x_wconf 74' lang='grc' dir='ltr'><strong><em>δῦοκαθειρξή,</em></strong></span> <span class='ocrx_word' id='word_1_79' title='bbox 392 1295 511 1358; x_wconf 78' lang='grc' dir='ltr'><strong><em>τῶνδὲ</em></strong></span> <span class='ocrx_word' id='word_1_80' title='bbox 532 1293 648 1358; x_wconf 79' lang='grc' dir='ltr'><strong><em>λοιπῶν</em></strong></span> <span class='ocrx_word' id='word_1_81' title='bbox 672 1285 735 1377; x_wconf 81' lang='grc' dir='ltr'><strong>ήδη</strong></span> <span class='ocrx_word' id='word_1_82' title='bbox 763 1287 843 1377; x_wconf 86' lang='grc' dir='ltr'><strong><em>πρὸς</em></strong></span> <span class='ocrx_word' id='word_1_83' title='bbox 868 1287 1006 1374; x_wconf 73' lang='grc' dir='ltr'><strong><em>ἀνάγκην</em></strong></span> <span class='ocrx_word' id='word_1_84' title='bbox 1030 1285 1222 1367; x_wconf 74' lang='grc' dir='ltr'><strong><em>συνεπομέ-</em></strong></span> 
     </span>
     <span class='ocr_line' id='line_1_11' title="bbox 96 1378 1221 1480; baseline -0.012 -20"><span class='ocrx_word' id='word_1_85' title='bbox 96 1416 200 1473; x_wconf 87' lang='grc' dir='ltr'><strong><em>ιονων,</em></strong></span> <span class='ocrx_word' id='word_1_86' title='bbox 222 1392 262 1457; x_wconf 78' lang='grc' dir='ltr'><strong><em>οῦ</em></strong></span> <span class='ocrx_word' id='word_1_87' title='bbox 276 1389 358 1457; x_wconf 86' lang='grc' dir='ltr'><strong><em>κατιὶ</em></strong></span> <span class='ocrx_word' id='word_1_88' title='bbox 376 1391 450 1455; x_wconf 88' lang='grc' dir='ltr'><strong><em>νοῦν</em></strong></span> <span class='ocrx_word' id='word_1_89' title='bbox 466 1390 597 1480; x_wconf 78' lang='grc' dir='ltr'><strong><em>χωρήσῃ</em></strong></span> <span class='ocrx_word' id='word_1_90' title='bbox 615 1386 654 1457; x_wconf 78' lang='grc' dir='ltr'><strong><em>τα</em></strong></span> <span class='ocrx_word' id='word_1_91' title='bbox 671 1388 841 1478; x_wconf 76' lang='grc' dir='ltr'><strong><em>πράγματα</em></strong></span> <span class='ocrx_word' id='word_1_92' title='bbox 858 1381 954 1478; x_wconf 75' lang='grc' dir='ltr'><strong><em>αῦτρῦ.</em></strong></span> <span class='ocrx_word' id='word_1_93' title='bbox 971 1381 1055 1460; x_wconf 77' lang='grc' dir='ltr'><strong><em>εέκδς</em></strong></span> <span class='ocrx_word' id='word_1_94' title='bbox 1073 1387 1107 1450; x_wconf 80' lang='grc' dir='ltr'><strong>δέ</strong></span> <span class='ocrx_word' id='word_1_95' title='bbox 1124 1378 1221 1448; x_wconf 84' lang='grc' dir='ltr'><strong><em>αῦτδν</em></strong></span> 
     </span>
     <span class='ocr_line' id='line_1_12' title="bbox 128 1480 1222 1574; baseline -0.007 -20"><span class='ocrx_word' id='word_1_96' title='bbox 128 1491 183 1556; x_wconf 72' lang='grc' dir='ltr'><strong>καὶ</strong></span> <span class='ocrx_word' id='word_1_97' title='bbox 200 1489 337 1566; x_wconf 85' lang='grc' dir='ltr'><strong><em>πολλοῦς</em></strong></span> <span class='ocrx_word' id='word_1_98' title='bbox 352 1513 442 1564; x_wconf 88' lang='grc' dir='ltr'><strong><em>τινας</em></strong></span> <span class='ocrx_word' id='word_1_99' title='bbox 457 1493 514 1556; x_wconf 80' lang='grc' dir='ltr'><strong><em>καί</em></strong></span> <span class='ocrx_word' id='word_1_100' title='bbox 528 1486 682 1567; x_wconf 87' lang='grc' dir='ltr'><strong><em>δυνατοῦς</em></strong></span> <span class='ocrx_word' id='word_1_101' title='bbox 694 1486 768 1566; x_wconf 87' lang='grc' dir='ltr'><strong><em>τοῦς</em></strong></span> <span class='ocrx_word' id='word_1_102' title='bbox 783 1483 824 1554; x_wconf 80' lang='grc' dir='ltr'><strong>τῦ</strong></span> <span class='ocrx_word' id='word_1_103' title='bbox 842 1487 980 1574; x_wconf 75' lang='grc' dir='ltr'><strong><em>ἡμέτερα</em></strong></span> <span class='ocrx_word' id='word_1_104' title='bbox 997 1480 1079 1551; x_wconf 71' lang='grc' dir='ltr'><strong><em>εἶναι</em></strong></span> <span class='ocrx_word' id='word_1_105' title='bbox 1096 1480 1222 1548; x_wconf 77' lang='grc' dir='ltr'><strong><em>οἴεσθαι</em></strong></span> 
     </span>
     <span class='ocr_line' id='line_1_13' title="bbox 127 1578 1221 1680; baseline -0.007 -28"><span class='ocrx_word' id='word_1_106' title='bbox 127 1590 384 1680; x_wconf 72' lang='grc' dir='ltr'><strong><em>προῃρημένους·</em></strong></span> <span class='ocrx_word' id='word_1_107' title='bbox 412 1585 449 1655; x_wconf 83' lang='grc' dir='ltr'><strong>τὸ</strong></span> <span class='ocrx_word' id='word_1_108' title='bbox 473 1585 534 1674; x_wconf 72' lang='grc' dir='ltr'><strong>γὰρ</strong></span> <span class='ocrx_word' id='word_1_109' title='bbox 555 1589 591 1654; x_wconf 79' lang='grc' dir='ltr'><strong>έν</strong></span> <span class='ocrx_word' id='word_1_110' title='bbox 617 1589 656 1676; x_wconf 82' lang='grc' dir='ltr'><strong>τῇ</strong></span> <span class='ocrx_word' id='word_1_111' title='bbox 683 1589 753 1676; x_wconf 72' lang='grc' dir='ltr'><strong><em>δίκῃ</em></strong></span> <span class='ocrx_word' id='word_1_112' title='bbox 775 1583 839 1674; x_wconf 77' lang='grc' dir='ltr'><strong><em>πρὸ</em></strong></span> <span class='ocrx_word' id='word_1_113' title='bbox 865 1587 922 1672; x_wconf 82' lang='grc' dir='ltr'><strong>τής</strong></span> <span class='ocrx_word' id='word_1_114' title='bbox 944 1587 1024 1669; x_wconf 79' lang='grc' dir='ltr'><strong><em>χθές</em></strong></span> <span class='ocrx_word' id='word_1_115' title='bbox 1052 1585 1109 1664; x_wconf 76' lang='grc' dir='ltr'><strong>ἐμὲ</strong></span> <span class='ocrx_word' id='word_1_116' title='bbox 1125 1578 1221 1663; x_wconf 84' lang='grc' dir='ltr'><strong><em>μόνον</em></strong></span> 
     </span>
     <span class='ocr_line' id='line_1_14' title="bbox 128 1680 1221 1775; baseline -0.011 -20"><span class='ocrx_word' id='word_1_117' title='bbox 128 1690 419 1774; x_wconf 81' lang='grc' dir='ltr'><strong><em>δναπειλημμένον,</em></strong></span> <span class='ocrx_word' id='word_1_118' title='bbox 438 1686 483 1774; x_wconf 84' lang='grc' dir='ltr'><strong>μή</strong></span> <span class='ocrx_word' id='word_1_119' title='bbox 506 1695 696 1753; x_wconf 76' lang='grc' dir='ltr'><strong><em>καταπεσεῖν</em></strong></span> <span class='ocrx_word' id='word_1_120' title='bbox 710 1687 793 1771; x_wconf 75' lang='grc' dir='ltr'><strong>μηδὲ</strong></span> <span class='ocrx_word' id='word_1_121' title='bbox 811 1688 912 1775; x_wconf 81' lang='grc' dir='ltr'><strong><em>δειλίρ</em></strong></span> <span class='ocrx_word' id='word_1_122' title='bbox 930 1680 1133 1766; x_wconf 80' lang='grc' dir='ltr'><strong><em>συσχεθήυαέ</em></strong></span> <span class='ocrx_word' id='word_1_123' title='bbox 1145 1703 1221 1760; x_wconf 87' lang='grc' dir='ltr'><strong><em>τινι,</em></strong></span> 
     </span>
     <span class='ocr_line' id='line_1_15' title="bbox 128 1773 1219 1878; baseline -0.009 -26"><span class='ocrx_word' id='word_1_124' title='bbox 128 1783 196 1853; x_wconf 72' lang='grc' dir='ltr'><strong><em>ἄλλ’</em></strong></span> <span class='ocrx_word' id='word_1_125' title='bbox 215 1783 362 1878; x_wconf 71' lang='grc' dir='ltr'><strong><em>ἀτρέπτῳ</em></strong></span> <span class='ocrx_word' id='word_1_126' title='bbox 382 1789 436 1853; x_wconf 68' lang='grc' dir='ltr'><strong><em>κατ’</em></strong></span> <span class='ocrx_word' id='word_1_127' title='bbox 449 1785 628 1875; x_wconf 75' lang='grc' dir='ltr'><strong><em>φρονήματι</em></strong></span> <span class='ocrx_word' id='word_1_128' title='bbox 651 1789 707 1852; x_wconf 73' lang='grc' dir='ltr'><strong><em>κατ’</em></strong></span> <span class='ocrx_word' id='word_1_129' title='bbox 726 1779 801 1870; x_wconf 78' lang='grc' dir='ltr'><strong><em>ἤθει</em></strong></span> <span class='ocrx_word' id='word_1_130' title='bbox 823 1783 905 1868; x_wconf 82' lang='grc' dir='ltr'><strong><em>μετὰ</em></strong></span> <span class='ocrx_word' id='word_1_131' title='bbox 926 1777 1105 1870; x_wconf 71' lang='grc' dir='ltr'><strong><em>ἀσφαλείας</em></strong></span> <span class='ocrx_word' id='word_1_132' title='bbox 1129 1773 1219 1844; x_wconf 72' lang='lat' dir='ltr'><strong>sins-</strong></span> 
     </span>
     <span class='ocr_line' id='line_1_16' title="bbox 97 1879 1239 1972; baseline -0.01 -19"><span class='ocrx_word' id='word_1_133' title='bbox 97 1891 226 1970; x_wconf 76' lang='grc' dir='ltr'><strong><em>ι5λέγειν</em></strong></span> <span class='ocrx_word' id='word_1_134' title='bbox 241 1889 368 1972; x_wconf 81' lang='grc' dir='ltr'><strong><em>πολλῆς,</em></strong></span> <span class='ocrx_word' id='word_1_135' title='bbox 388 1885 425 1952; x_wconf 70' lang='lat' dir='ltr'><strong>ru*</strong></span> <span class='ocrx_word' id='word_1_136' title='bbox 439 1890 496 1952; x_wconf 70' lang='grc' dir='ltr'><strong><em>κατ’</em></strong></span> <span class='ocrx_word' id='word_1_137' title='bbox 510 1884 568 1952; x_wconf 84' lang='grc' dir='ltr'><strong>τδν</strong></span> <span class='ocrx_word' id='word_1_138' title='bbox 585 1882 825 1971; x_wconf 76' lang='grc' dir='ltr'><strong><em>Μελιτήνιιδτήν</em></strong></span> <span class='ocrx_word' id='word_1_139' title='bbox 848 1881 967 1964; x_wconf 74' lang='grc' dir='ltr'><strong><em>ἔξωθεν</em></strong></span> <span class='ocrx_word' id='word_1_140' title='bbox 980 1879 1112 1947; x_wconf 77' lang='grc' dir='ltr'><strong><em>ἑστάναι</em></strong></span> <span class='ocrx_word' id='word_1_141' title='bbox 1129 1880 1239 1954; x_wconf 73' lang='grc' dir='ltr'><strong><em>τινῦςο</em></strong></span> 
     </span>
     <span class='ocr_line' id='line_1_17' title="bbox 127 1973 1222 2074; baseline -0.01 -22"><span class='ocrx_word' id='word_1_142' title='bbox 127 1991 189 2054; x_wconf 72' lang='grc' dir='ltr'><strong>οὖν</strong></span> <span class='ocrx_word' id='word_1_143' title='bbox 201 1989 347 2052; x_wconf 84' lang='grc' dir='ltr'><strong><em>δυνατῦν</em></strong></span> <span class='ocrx_word' id='word_1_144' title='bbox 362 1980 551 2071; x_wconf 65' lang='lat' dir='ltr'><strong>dumalias</strong></span> <span class='ocrx_word' id='word_1_145' title='bbox 569 1985 651 2074; x_wconf 81' lang='grc' dir='ltr'><strong><em>δπὲρ</em></strong></span> <span class='ocrx_word' id='word_1_146' title='bbox 669 1987 749 2068; x_wconf 79' lang='grc' dir='ltr'><strong><em>ἐμοῦ</em></strong></span> <span class='ocrx_word' id='word_1_147' title='bbox 765 1983 869 2050; x_wconf 77' lang='grc' dir='ltr'><strong><em>πάντα</em></strong></span> <span class='ocrx_word' id='word_1_148' title='bbox 885 1979 1035 2068; x_wconf 79' lang='grc' dir='ltr'><strong><em>πράττειν</em></strong></span> <span class='ocrx_word' id='word_1_149' title='bbox 1051 1973 1222 2066; x_wconf 62' lang='grc' dir='ltr'><strong><em>προσμενό-</em></strong></span> 
     </span>
     <span class='ocr_line' id='line_1_18' title="bbox 126 2072 1222 2173; baseline -0.011 -21"><span class='ocrx_word' id='word_1_150' title='bbox 126 2109 219 2169; x_wconf 85' lang='grc' dir='ltr'><strong><em>μενον</em></strong></span> <span class='ocrx_word' id='word_1_151' title='bbox 229 2090 526 2173; x_wconf 84' lang='grc' dir='ltr'><strong><em>προθυμουμένους,</em></strong></span> <span class='ocrx_word' id='word_1_152' title='bbox 540 2085 599 2151; x_wconf 83' lang='grc' dir='ltr'><strong>οῦκ</strong></span> <span class='ocrx_word' id='word_1_153' title='bbox 614 2081 959 2170; x_wconf 76' lang='grc' dir='ltr'><strong><em>έπίμικρόνκατέσεισε</em></strong></span> <span class='ocrx_word' id='word_1_154' title='bbox 968 2075 1041 2155; x_wconf 87' lang='grc' dir='ltr'><strong><em>τοῦς</em></strong></span> <span class='ocrx_word' id='word_1_155' title='bbox 1053 2072 1222 2162; x_wconf 79' lang='grc' dir='ltr'><strong><em>λογιαμαδς</em></strong></span> 
     </span>
     <span class='ocr_line' id='line_1_19' title="bbox 126 2174 1221 2268; baseline -0.011 -17"><span class='ocrx_word' id='word_1_156' title='bbox 126 2183 200 2263; x_wconf 84' lang='grc' dir='ltr'><strong><em>τοῦς</em></strong></span> <span class='ocrx_word' id='word_1_157' title='bbox 218 2181 415 2268; x_wconf 72' lang='grc' dir='ltr'><strong><em>βασιλικούς.</em></strong></span> <span class='ocrx_word' id='word_1_158' title='bbox 448 2182 498 2250; x_wconf 84' lang='grc' dir='ltr'><strong>διὸ</strong></span> <span class='ocrx_word' id='word_1_159' title='bbox 514 2183 586 2252; x_wconf 88' lang='grc' dir='ltr'><strong><em>τότο</em></strong></span> <span class='ocrx_word' id='word_1_160' title='bbox 608 2187 670 2268; x_wconf 79' lang='grc' dir='ltr'><strong>μὲν</strong></span> <span class='ocrx_word' id='word_1_161' title='bbox 691 2179 792 2260; x_wconf 82' lang='grc' dir='ltr'><strong><em>εῦθδς</em></strong></span> <span class='ocrx_word' id='word_1_162' title='bbox 819 2175 895 2268; x_wconf 82' lang='grc' dir='ltr'><strong><em>ὅπερ</em></strong></span> <span class='ocrx_word' id='word_1_163' title='bbox 915 2174 1094 2268; x_wconf 75' lang='grc' dir='ltr'><strong><em>ἀσφάλειαν</em></strong></span> <span class='ocrx_word' id='word_1_164' title='bbox 1117 2177 1221 2242; x_wconf 79' lang='grc' dir='ltr'><strong><em>ἐδόκει</em></strong></span> 
     </span>
     <span class='ocr_line' id='line_1_20' title="bbox 126 2274 1221 2372; baseline -0.006 -24"><span class='ocrx_word' id='word_1_165' title='bbox 126 2287 278 2372; x_wconf 84' lang='grc' dir='ltr'><strong><em>παρέχειν</em></strong></span> <span class='ocrx_word' id='word_1_166' title='bbox 293 2282 440 2372; x_wconf 82' lang='grc' dir='ltr'><strong><em>ἔπραττε,</em></strong></span> <span class='ocrx_word' id='word_1_167' title='bbox 460 2287 521 2352; x_wconf 80' lang='grc' dir='ltr'><strong>τῶν</strong></span> <span class='ocrx_word' id='word_1_168' title='bbox 535 2281 664 2372; x_wconf 83' lang='grc' dir='ltr'><strong><em>θρόνων</em></strong></span> <span class='ocrx_word' id='word_1_169' title='bbox 681 2282 863 2362; x_wconf 72' lang='grc' dir='ltr'><strong><em>ἐξαναστάς.</em></strong></span> <span class='ocrx_word' id='word_1_170' title='bbox 884 2281 956 2347; x_wconf 74' lang='grc' dir='ltr'><strong><em>νυνὶ</em></strong></span> <span class='ocrx_word' id='word_1_171' title='bbox 969 2283 1004 2347; x_wconf 80' lang='grc' dir='ltr'><strong>δὲ</strong></span> <span class='ocrx_word' id='word_1_172' title='bbox 1016 2280 1119 2356; x_wconf 77' lang='grc' dir='ltr'><strong><em>καλοῖς</em></strong></span> <span class='ocrx_word' id='word_1_173' title='bbox 1133 2274 1221 2361; x_wconf 82' lang='grc' dir='ltr'><strong><em>ἔχειν</em></strong></span> 
     </span>
     <span class='ocr_line' id='line_1_21' title="bbox 89 2375 1221 2474; baseline -0.004 -28"><span class='ocrx_word' id='word_1_174' title='bbox 89 2383 236 2466; x_wconf 81' lang='grc' dir='ltr'><strong><em>ιοέδαξεν</em></strong></span> <span class='ocrx_word' id='word_1_175' title='bbox 263 2379 352 2474; x_wconf 71' lang='lat' dir='ltr'><strong>crispi</strong></span> <span class='ocrx_word' id='word_1_176' title='bbox 369 2382 443 2463; x_wconf 85' lang='grc' dir='ltr'><strong><em>τοῦς</em></strong></span> <span class='ocrx_word' id='word_1_177' title='bbox 465 2384 664 2472; x_wconf 72' lang='grc' dir='ltr'><strong><em>καταδήλους</em></strong></span> <span class='ocrx_word' id='word_1_178' title='bbox 681 2387 865 2470; x_wconf 81' lang='grc' dir='ltr'><strong><em>γενομένους</em></strong></span> <span class='ocrx_word' id='word_1_179' title='bbox 886 2379 968 2465; x_wconf 82' lang='grc' dir='ltr'><strong><em>ῦμῦς</em></strong></span> <span class='ocrx_word' id='word_1_180' title='bbox 988 2383 1022 2447; x_wconf 85' lang='grc' dir='ltr'><strong>έν</strong></span> <span class='ocrx_word' id='word_1_181' title='bbox 1040 2375 1221 2465; x_wconf 71' lang='grc' dir='ltr'><strong><em>εὐεργεσίας</em></strong></span> 
     </span>
     <span class='ocr_line' id='line_1_22' title="bbox 126 2474 1221 2572; baseline -0.007 -22"><span class='ocrx_word' id='word_1_182' title='bbox 126 2483 331 2572; x_wconf 83' lang='grc' dir='ltr'><strong><em>προσχήματι</em></strong></span> <span class='ocrx_word' id='word_1_183' title='bbox 343 2477 531 2570; x_wconf 78' lang='grc' dir='ltr'><strong><em>ἆποστήσαι,</em></strong></span> <span class='ocrx_word' id='word_1_184' title='bbox 548 2486 604 2552; x_wconf 65' lang='grc' dir='ltr'><strong><em>κατ’</em></strong></span> <span class='ocrx_word' id='word_1_185' title='bbox 617 2483 697 2567; x_wconf 77' lang='grc' dir='ltr'><strong><em>μεταλ</em></strong></span> <span class='ocrx_word' id='word_1_186' title='bbox 713 2489 807 2550; x_wconf 89' lang='grc' dir='ltr'><strong><em>τοῦτο</em></strong></span> <span class='ocrx_word' id='word_1_187' title='bbox 818 2479 922 2569; x_wconf 81' lang='grc' dir='ltr'><strong><em>πάλιν,</em></strong></span> <span class='ocrx_word' id='word_1_188' title='bbox 939 2474 1221 2548; x_wconf 79' lang='grc' dir='ltr'><strong><em>αῦτοῦνδιδασκόν-</em></strong></span> 
     </span>
     <span class='ocr_line' id='line_1_23' title="bbox 123 2572 1220 2671; baseline -0.009 -21"><span class='ocrx_word' id='word_1_189' title='bbox 123 2609 188 2650; x_wconf 86' lang='grc' dir='ltr'><strong>των</strong></span> <span class='ocrx_word' id='word_1_190' title='bbox 198 2587 263 2652; x_wconf 78' lang='grc' dir='ltr'><strong>τῶν</strong></span> <span class='ocrx_word' id='word_1_191' title='bbox 272 2582 481 2670; x_wconf 75' lang='grc' dir='ltr'><strong><em>πραγμάτων,</em></strong></span> <span class='ocrx_word' id='word_1_192' title='bbox 491 2577 538 2661; x_wconf 80' lang='grc' dir='ltr'><strong><em>οἷς</em></strong></span> <span class='ocrx_word' id='word_1_193' title='bbox 554 2583 695 2671; x_wconf 81' lang='grc' dir='ltr'><strong><em>οἰήσεται</em></strong></span> <span class='ocrx_word' id='word_1_194' title='bbox 703 2585 919 2670; x_wconf 84' lang='grc' dir='ltr'><strong><em>λυσιτελήσειν</em></strong></span> <span class='ocrx_word' id='word_1_195' title='bbox 929 2579 1134 2667; x_wconf 71' lang='grc' dir='ltr'><strong><em>ἐπιχειρήσαι.</em></strong></span> <span class='ocrx_word' id='word_1_196' title='bbox 1145 2572 1220 2642; x_wconf 83' lang='grc' dir='ltr'><strong><em>τοῦ·</em></strong></span> 
     </span>
     <span class='ocr_line' id='line_1_24' title="bbox 123 2673 1219 2767; baseline -0.005 -19"><span class='ocrx_word' id='word_1_197' title='bbox 123 2708 186 2750; x_wconf 87' lang='grc' dir='ltr'><strong>των</strong></span> <span class='ocrx_word' id='word_1_198' title='bbox 214 2688 305 2750; x_wconf 81' lang='grc' dir='ltr'><strong><em>ἓνεκα</em></strong></span> <span class='ocrx_word' id='word_1_199' title='bbox 323 2682 450 2750; x_wconf 79' lang='grc' dir='ltr'><strong><em>πάντων</em></strong></span> <span class='ocrx_word' id='word_1_200' title='bbox 472 2679 576 2751; x_wconf 81' lang='grc' dir='ltr'><strong><em>οῦκέτι</em></strong></span> <span class='ocrx_word' id='word_1_201' title='bbox 598 2687 779 2767; x_wconf 81' lang='grc' dir='ltr'><strong><em>διαμέλλειν</em></strong></span> <span class='ocrx_word' id='word_1_202' title='bbox 803 2682 912 2764; x_wconf 78' lang='grc' dir='ltr'><strong><em>οἴομαι</em></strong></span> <span class='ocrx_word' id='word_1_203' title='bbox 927 2685 1011 2764; x_wconf 74' lang='grc' dir='ltr'><strong><em>δεῖν,</em></strong></span> <span class='ocrx_word' id='word_1_204' title='bbox 1040 2673 1118 2746; x_wconf 74' lang='grc' dir='ltr'><strong><em>οῦδὲ</em></strong></span> <span class='ocrx_word' id='word_1_205' title='bbox 1137 2673 1219 2765; x_wconf 76' lang='grc' dir='ltr'><strong><em>πρὸς</em></strong></span> 
     </span>
    </p>
   </div>
   <div class='ocr_carea' id='block_1_3' title="bbox 196 2787 913 2860">
    <p class='ocr_par' dir='ltr' id='par_1_3' title="bbox 196 2787 913 2860">
     <span class='ocr_line' id='line_1_25' title="bbox 196 2787 913 2860; baseline 0.006 -22"><span class='ocrx_word' id='word_1_206' title='bbox 196 2805 221 2860; x_wconf 84' lang='lat'><strong>7.</strong></span> <span class='ocrx_word' id='word_1_207' title='bbox 240 2788 305 2840; x_wconf 87' lang='lat' dir='ltr'><strong>Post</strong></span> <span class='ocrx_word' id='word_1_208' title='bbox 315 2787 457 2858; x_wconf 77' lang='grc' dir='ltr'><strong><em>πολεμεῖν</em></strong></span> <span class='ocrx_word' id='word_1_209' title='bbox 470 2789 574 2842; x_wconf 81' lang='lat' dir='ltr'>excidit</span> <span class='ocrx_word' id='word_1_210' title='bbox 591 2788 667 2847; x_wconf 69' lang='grc' dir='ltr'><strong><em>ἰέναι</em></strong></span> <span class='ocrx_word' id='word_1_211' title='bbox 676 2790 720 2842; x_wconf 78' lang='lat' dir='ltr'><strong>vel</strong></span> <span class='ocrx_word' id='word_1_212' title='bbox 733 2789 824 2842; x_wconf 83' lang='lat' dir='ltr'><strong>simile</strong></span> <span class='ocrx_word' id='word_1_213' title='bbox 837 2787 913 2860; x_wconf 87' lang='lat' dir='ltr'><strong>quid.</strong></span> 
     </span>
    </p>
   </div>
   <div class='ocr_carea' id='block_1_4' title="bbox 117 2874 1221 3868">
    <p class='ocr_par' dir='ltr' id='par_1_4' title="bbox 117 2874 1221 3868">
     <span class='ocr_line' id='line_1_26' title="bbox 122 2874 1219 2946; baseline 0.003 -19"><span class='ocrx_word' id='word_1_214' title='bbox 122 2875 170 2928; x_wconf 91' lang='lat' dir='ltr'><strong>dio</strong></span> <span class='ocrx_word' id='word_1_215' title='bbox 189 2874 298 2928; x_wconf 86' lang='lat' dir='ltr'><strong>nudare</strong></span> <span class='ocrx_word' id='word_1_216' title='bbox 315 2874 427 2940; x_wconf 84' lang='lat' dir='ltr'><strong>volens,</strong></span> <span class='ocrx_word' id='word_1_217' title='bbox 450 2877 604 2945; x_wconf 82' lang='lat' dir='ltr'><strong>provincias</strong></span> <span class='ocrx_word' id='word_1_218' title='bbox 629 2880 660 2934; x_wconf 91' lang='lat' dir='ltr'><strong>in</strong></span> <span class='ocrx_word' id='word_1_219' title='bbox 684 2878 872 2934; x_wconf 70' lang='lat' dir='ltr'><strong>remotissimis</strong></span> <span class='ocrx_word' id='word_1_220' title='bbox 895 2875 1008 2930; x_wconf 80' lang='lat' dir='ltr'><strong>Romani</strong></span> <span class='ocrx_word' id='word_1_221' title='bbox 1033 2874 1144 2946; x_wconf 86' lang='lat' dir='ltr'><strong>imperii</strong></span> <span class='ocrx_word' id='word_1_222' title='bbox 1162 2875 1219 2930; x_wconf 91' lang='lat' dir='ltr'><strong>oris</strong></span> 
     </span>
     <span class='ocr_line' id='line_1_27' title="bbox 121 2945 1219 3021; baseline 0 -23"><span class='ocrx_word' id='word_1_223' title='bbox 121 2947 181 2999; x_wconf 89' lang='lat' dir='ltr'><strong>iilis</strong></span> <span class='ocrx_word' id='word_1_224' title='bbox 199 2945 354 3009; x_wconf 81' lang='lat' dir='ltr'><strong>describit,</strong></span> <span class='ocrx_word' id='word_1_225' title='bbox 380 2947 535 3016; x_wconf 81' lang='lat' dir='ltr'><strong>expeditius</strong></span> <span class='ocrx_word' id='word_1_226' title='bbox 555 2955 615 3001; x_wconf 85' lang='lat' dir='ltr'><strong>erat</strong></span> <span class='ocrx_word' id='word_1_227' title='bbox 637 2950 697 3004; x_wconf 88' lang='lat' dir='ltr'><strong>sine</strong></span> <span class='ocrx_word' id='word_1_228' title='bbox 724 2948 810 3002; x_wconf 90' lang='lat' dir='ltr'><strong>dubio</strong></span> <span class='ocrx_word' id='word_1_229' title='bbox 833 2949 976 3021; x_wconf 82' lang='lat' dir='ltr'><strong>multoque</strong></span> <span class='ocrx_word' id='word_1_230' title='bbox 1000 2948 1112 3008; x_wconf 88' lang='lat' dir='ltr'><strong>utilius,</strong></span> <span class='ocrx_word' id='word_1_231' title='bbox 1139 2947 1162 2997; x_wconf 92' lang='lat' dir='ltr'><strong>si</strong></span> <span class='ocrx_word' id='word_1_232' title='bbox 1183 2946 1219 2998; x_wconf 91' lang='lat' dir='ltr'><strong>iis</strong></span> 
     </span>
     <span class='ocr_line' id='line_1_28' title="bbox 119 3013 1221 3088; baseline 0.001 -18"><span class='ocrx_word' id='word_1_233' title='bbox 119 3015 304 3088; x_wconf 82' lang='lat' dir='ltr'><strong>apprehensis</strong></span> <span class='ocrx_word' id='word_1_234' title='bbox 325 3024 355 3068; x_wconf 91' lang='lat' dir='ltr'><strong>et</strong></span> <span class='ocrx_word' id='word_1_235' title='bbox 372 3014 496 3070; x_wconf 84' lang='lat' dir='ltr'><strong>custodia</strong></span> <span class='ocrx_word' id='word_1_236' title='bbox 513 3017 628 3084; x_wconf 86' lang='lat' dir='ltr'><strong>clausis,</strong></span> <span class='ocrx_word' id='word_1_237' title='bbox 655 3019 727 3072; x_wconf 87' lang='lat' dir='ltr'><strong>curis</strong></span> <span class='ocrx_word' id='word_1_238' title='bbox 755 3036 784 3072; x_wconf 86' lang='lat' dir='ltr'><strong>se</strong></span> <span class='ocrx_word' id='word_1_239' title='bbox 802 3017 877 3072; x_wconf 85' lang='lat' dir='ltr'><strong>hisce</strong></span> <span class='ocrx_word' id='word_1_240' title='bbox 896 3019 1030 3071; x_wconf 82' lang='lat' dir='ltr'><strong>exuisset:</strong></span> <span class='ocrx_word' id='word_1_241' title='bbox 1058 3013 1127 3088; x_wconf 89' lang='lat' dir='ltr'><strong>quid</strong></span> <span class='ocrx_word' id='word_1_242' title='bbox 1144 3017 1221 3071; x_wconf 77' lang='lat' dir='ltr'><strong>enim</strong></span> 
     </span>
     <span class='ocr_line' id='line_1_29' title="bbox 119 3085 1219 3160; baseline -0.002 -18"><span class='ocrx_word' id='word_1_243' title='bbox 119 3098 176 3150; x_wconf 79' lang='lat' dir='ltr'><strong>est,</strong></span> <span class='ocrx_word' id='word_1_244' title='bbox 216 3085 274 3139; x_wconf 90' lang='lat' dir='ltr'><strong>uod</strong></span> <span class='ocrx_word' id='word_1_245' title='bbox 294 3089 367 3138; x_wconf 91' lang='lat' dir='ltr'><strong>istuc</strong></span> <span class='ocrx_word' id='word_1_246' title='bbox 386 3088 475 3141; x_wconf 81' lang='lat' dir='ltr'><strong>facere</strong></span> <span class='ocrx_word' id='word_1_247' title='bbox 495 3088 643 3158; x_wconf 85' lang='lat' dir='ltr'><strong>probibeat</strong></span> <span class='ocrx_word' id='word_1_248' title='bbox 660 3088 871 3160; x_wconf 79' lang='lat' dir='ltr'><strong>imperatorem?</strong></span> <span class='ocrx_word' id='word_1_249' title='bbox 916 3091 1017 3150; x_wconf 82' lang='lat' dir='ltr'><strong>Recte,</strong></span> <span class='ocrx_word' id='word_1_250' title='bbox 1040 3087 1115 3158; x_wconf 90' lang='lat' dir='ltr'><strong>quod</strong></span> <span class='ocrx_word' id='word_1_251' title='bbox 1139 3087 1219 3140; x_wconf 83' lang='lat' dir='ltr'><strong>illum</strong></span> 
     </span>
     <span class='ocr_line' id='line_1_30' title="bbox 119 3156 1220 3232; baseline 0 -20"><span class='ocrx_word' id='word_1_252' title='bbox 119 3157 203 3230; x_wconf 87' lang='lat' dir='ltr'><strong>prob&#39;</strong></span> <span class='ocrx_word' id='word_1_253' title='bbox 229 3166 290 3221; x_wconf 85' lang='lat' dir='ltr'><strong>eat,</strong></span> <span class='ocrx_word' id='word_1_254' title='bbox 314 3156 387 3210; x_wconf 87' lang='lat' dir='ltr'><strong>nihil</strong></span> <span class='ocrx_word' id='word_1_255' title='bbox 407 3167 463 3211; x_wconf 90' lang='lat' dir='ltr'><strong>est:</strong></span> <span class='ocrx_word' id='word_1_256' title='bbox 490 3159 538 3212; x_wconf 85' lang='lat' dir='ltr'><strong>sed</strong></span> <span class='ocrx_word' id='word_1_257' title='bbox 556 3160 686 3213; x_wconf 76' lang='lat' dir='ltr'><strong>callidum</strong></span> <span class='ocrx_word' id='word_1_258' title='bbox 705 3177 812 3232; x_wconf 88' lang='lat' dir='ltr'><strong>usuque</strong></span> <span class='ocrx_word' id='word_1_259' title='bbox 828 3175 919 3212; x_wconf 88' lang='lat' dir='ltr'><strong>rerum</strong></span> <span class='ocrx_word' id='word_1_260' title='bbox 937 3157 1049 3212; x_wconf 87' lang='lat' dir='ltr'><strong>doctum</strong></span> <span class='ocrx_word' id='word_1_261' title='bbox 1067 3158 1220 3228; x_wconf 85' lang='lat' dir='ltr'><strong>imperato·</strong></span> 
     </span>
     <span class='ocr_line' id='line_1_31' title="bbox 120 3229 1219 3350; baseline 0 -68"><span class='ocrx_word' id='word_1_262' title='bbox 120 3247 179 3282; x_wconf 87' lang='lat' dir='ltr'><strong>scm</strong></span> <span class='ocrx_word' id='word_1_263' title='bbox 196 3243 376 3350; x_wconf 70' lang='grc' dir='ltr'><strong><em>περονήσατο</em></strong></span> <span class='ocrx_word' id='word_1_264' title='bbox 400 3229 489 3293; x_wconf 87' lang='lat' dir='ltr'><strong>saliit,</strong></span> <span class='ocrx_word' id='word_1_265' title='bbox 512 3229 587 3285; x_wconf 83' lang='lat' dir='ltr'><strong>haud</strong></span> <span class='ocrx_word' id='word_1_266' title='bbox 607 3230 773 3294; x_wconf 82' lang='lat' dir='ltr'><strong>conducere,</strong></span> <span class='ocrx_word' id='word_1_267' title='bbox 799 3231 959 3301; x_wconf 79' lang='lat' dir='ltr'><strong>priusquam</strong></span> <span class='ocrx_word' id='word_1_268' title='bbox 978 3229 1115 3301; x_wconf 84' lang='lat' dir='ltr'><strong>exquisite</strong></span> <span class='ocrx_word' id='word_1_269' title='bbox 1132 3231 1219 3294; x_wconf 86' lang='lat' dir='ltr'><strong>norit,</strong></span> 
     </span>
     <span class='ocr_line' id='line_1_32' title="bbox 119 3299 1219 3372; baseline 0.004 -22"><span class='ocrx_word' id='word_1_270' title='bbox 119 3307 191 3372; x_wconf 88' lang='lat' dir='ltr'><strong>quot</strong></span> <span class='ocrx_word' id='word_1_271' title='bbox 205 3307 236 3351; x_wconf 88' lang='lat' dir='ltr'><strong>et</strong></span> <span class='ocrx_word' id='word_1_272' title='bbox 247 3317 302 3371; x_wconf 90' lang='lat' dir='ltr'><strong>qna</strong></span> <span class='ocrx_word' id='word_1_273' title='bbox 316 3315 343 3350; x_wconf 88' lang='lat' dir='ltr'><strong>es</strong></span> <span class='ocrx_word' id='word_1_274' title='bbox 362 3300 429 3362; x_wconf 89' lang='lat' dir='ltr'><strong>sint,</strong></span> <span class='ocrx_word' id='word_1_275' title='bbox 455 3302 503 3372; x_wconf 90' lang='lat' dir='ltr'><strong>qui</strong></span> <span class='ocrx_word' id='word_1_276' title='bbox 521 3318 627 3356; x_wconf 89' lang='lat' dir='ltr'><strong>mecum</strong></span> <span class='ocrx_word' id='word_1_277' title='bbox 652 3303 810 3356; x_wconf 82' lang='lat' dir='ltr'><strong>societatem</strong></span> <span class='ocrx_word' id='word_1_278' title='bbox 830 3301 963 3367; x_wconf 87' lang='lat' dir='ltr'><strong>coierint,</strong></span> <span class='ocrx_word' id='word_1_279' title='bbox 987 3299 1023 3354; x_wconf 86' lang='lat' dir='ltr'><strong>ad</strong></span> <span class='ocrx_word' id='word_1_280' title='bbox 1041 3301 1219 3371; x_wconf 72' lang='lat' dir='ltr'><strong>pugnandum</strong></span> 
     </span>
     <span class='ocr_line' id='line_1_33' title="bbox 118 3369 1219 3442; baseline 0.001 -19"><span class='ocrx_word' id='word_1_281' title='bbox 118 3371 247 3423; x_wconf 85' lang='lat' dir='ltr'><strong>cominus</strong></span> <span class='ocrx_word' id='word_1_282' title='bbox 266 3387 281 3420; x_wconf 90' lang='lat' dir='ltr'><strong>a</strong></span> <span class='ocrx_word' id='word_1_283' title='bbox 300 3369 385 3440; x_wconf 82' lang='lat' dir='ltr'><strong>gredi.</strong></span> <span class='ocrx_word' id='word_1_284' title='bbox 409 3369 574 3424; x_wconf 85' lang='lat' dir='ltr'><strong>Timendum</strong></span> <span class='ocrx_word' id='word_1_285' title='bbox 592 3373 679 3437; x_wconf 87' lang='lat' dir='ltr'><strong>enim,</strong></span> <span class='ocrx_word' id='word_1_286' title='bbox 706 3387 742 3424; x_wconf 87' lang='lat' dir='ltr'><strong>ne</strong></span> <span class='ocrx_word' id='word_1_287' title='bbox 759 3373 783 3424; x_wconf 86' lang='lat' dir='ltr'><strong>si</strong></span> <span class='ocrx_word' id='word_1_288' title='bbox 801 3373 882 3424; x_wconf 86' lang='lat' dir='ltr'><strong>multi</strong></span> <span class='ocrx_word' id='word_1_289' title='bbox 898 3373 955 3425; x_wconf 90' lang='lat' dir='ltr'><strong>sint</strong></span> <span class='ocrx_word' id='word_1_290' title='bbox 971 3387 1003 3424; x_wconf 87' lang='lat' dir='ltr'><strong>ae</strong></span> <span class='ocrx_word' id='word_1_291' title='bbox 1021 3372 1219 3442; x_wconf 83' lang='lat' dir='ltr'><strong>potentissimi,</strong></span> 
     </span>
     <span class='ocr_line' id='line_1_34' title="bbox 117 3388 1217 3515; baseline 0.002 -21"><span class='ocrx_word' id='word_1_292' title='bbox 117 3457 208 3494; x_wconf 86' lang='lat' dir='ltr'><strong>unum</strong></span> <span class='ocrx_word' id='word_1_293' title='bbox 230 3388 345 3510; x_wconf 62' lang='lat' dir='ltr'><strong>quidem</strong></span> <span class='ocrx_word' id='word_1_294' title='bbox 369 3441 517 3494; x_wconf 84' lang='lat' dir='ltr'><strong>alterumve</strong></span> <span class='ocrx_word' id='word_1_295' title='bbox 543 3444 573 3495; x_wconf 90' lang='lat' dir='ltr'><strong>in</strong></span> <span class='ocrx_word' id='word_1_296' title='bbox 596 3444 706 3497; x_wconf 72' lang='lat' dir='ltr'><strong>vinculo</strong></span> <span class='ocrx_word' id='word_1_297' title='bbox 730 3442 839 3496; x_wconf 83' lang='lat' dir='ltr'><strong>tradere</strong></span> <span class='ocrx_word' id='word_1_298' title='bbox 862 3451 964 3515; x_wconf 69' lang='lat' dir='ltr'><strong>queat,</strong></span> <span class='ocrx_word' id='word_1_299' title='bbox 1001 3442 1099 3496; x_wconf 86' lang='lat' dir='ltr'><strong>ceteris</strong></span> <span class='ocrx_word' id='word_1_300' title='bbox 1123 3451 1217 3496; x_wconf 85' lang='lat' dir='ltr'><strong>autem</strong></span> 
     </span>
     <span class='ocr_line' id='line_1_35' title="bbox 118 3511 1218 3586; baseline 0.002 -23"><span class='ocrx_word' id='word_1_301' title='bbox 118 3513 174 3563; x_wconf 85' lang='lat' dir='ltr'><strong>iam</strong></span> <span class='ocrx_word' id='word_1_302' title='bbox 192 3511 349 3563; x_wconf 83' lang='lat' dir='ltr'><strong>necessario</strong></span> <span class='ocrx_word' id='word_1_303' title='bbox 367 3512 591 3578; x_wconf 87' lang='lat' dir='ltr'><strong>coniurantibus,</strong></span> <span class='ocrx_word' id='word_1_304' title='bbox 607 3516 723 3586; x_wconf 81' lang='lat' dir='ltr'><strong>cogitata</strong></span> <span class='ocrx_word' id='word_1_305' title='bbox 741 3515 871 3583; x_wconf 77' lang='lat' dir='ltr'><strong>perticere</strong></span> <span class='ocrx_word' id='word_1_306' title='bbox 887 3531 943 3566; x_wconf 91' lang='lat' dir='ltr'><strong>non</strong></span> <span class='ocrx_word' id='word_1_307' title='bbox 957 3514 1051 3584; x_wconf 83' lang='lat' dir='ltr'><strong>possit</strong></span> <span class='ocrx_word' id='word_1_308' title='bbox 1070 3511 1218 3566; x_wconf 82' lang='lat' dir='ltr'><strong>Probabile</strong></span> 
     </span>
     <span class='ocr_line' id='line_1_36' title="bbox 120 3583 1218 3654; baseline 0.002 -20"><span class='ocrx_word' id='word_1_309' title='bbox 120 3599 207 3652; x_wconf 88' lang='lat' dir='ltr'><strong>porro</strong></span> <span class='ocrx_word' id='word_1_310' title='bbox 228 3591 287 3645; x_wconf 90' lang='lat' dir='ltr'><strong>est,</strong></span> <span class='ocrx_word' id='word_1_311' title='bbox 318 3597 380 3633; x_wconf 86' lang='lat' dir='ltr'><strong>cum</strong></span> <span class='ocrx_word' id='word_1_312' title='bbox 397 3583 552 3636; x_wconf 72' lang='lat' dir='ltr'><strong>existimare</strong></span> <span class='ocrx_word' id='word_1_313' title='bbox 576 3585 677 3638; x_wconf 88' lang='lat' dir='ltr'><strong>multos</strong></span> <span class='ocrx_word' id='word_1_314' title='bbox 695 3591 725 3637; x_wconf 91' lang='lat' dir='ltr'><strong>et</strong></span> <span class='ocrx_word' id='word_1_315' title='bbox 742 3586 890 3654; x_wconf 82' lang='lat' dir='ltr'><strong>opulentos</strong></span> <span class='ocrx_word' id='word_1_316' title='bbox 907 3593 1061 3637; x_wconf 87' lang='lat' dir='ltr'><strong>nostrarum</strong></span> <span class='ocrx_word' id='word_1_317' title='bbox 1077 3599 1137 3636; x_wconf 84' lang='lat' dir='ltr'><strong>esse</strong></span> <span class='ocrx_word' id='word_1_318' title='bbox 1154 3600 1218 3652; x_wconf 86' lang='lat' dir='ltr'><strong>par-</strong></span> 
     </span>
     <span class='ocr_line' id='line_1_37' title="bbox 118 3651 1219 3726; baseline 0.001 -21"><span class='ocrx_word' id='word_1_319' title='bbox 118 3655 201 3705; x_wconf 88' lang='lat' dir='ltr'><strong>tium.</strong></span> <span class='ocrx_word' id='word_1_320' title='bbox 242 3651 312 3704; x_wconf 88' lang='lat' dir='ltr'><strong>Num</strong></span> <span class='ocrx_word' id='word_1_321' title='bbox 330 3651 405 3724; x_wconf 90' lang='lat' dir='ltr'><strong>quod</strong></span> <span class='ocrx_word' id='word_1_322' title='bbox 423 3653 453 3704; x_wconf 93' lang='lat' dir='ltr'><strong>in</strong></span> <span class='ocrx_word' id='word_1_323' title='bbox 473 3653 577 3707; x_wconf 87' lang='lat' dir='ltr'><strong>iudicio</strong></span> <span class='ocrx_word' id='word_1_324' title='bbox 596 3655 796 3709; x_wconf 85' lang='lat' dir='ltr'><strong>nudiustertius</strong></span> <span class='ocrx_word' id='word_1_325' title='bbox 809 3673 859 3726; x_wconf 76' lang='lat' dir='ltr'><strong>ego</strong></span> <span class='ocrx_word' id='word_1_326' title='bbox 874 3654 949 3708; x_wconf 86' lang='lat' dir='ltr'><strong>solus</strong></span> <span class='ocrx_word' id='word_1_327' title='bbox 963 3655 1141 3724; x_wconf 86' lang='lat' dir='ltr'><strong>interceptus,</strong></span> <span class='ocrx_word' id='word_1_328' title='bbox 1157 3669 1219 3706; x_wconf 85' lang='lat' dir='ltr'><strong>non</strong></span> 
     </span>
     <span class='ocr_line' id='line_1_38' title="bbox 118 3721 1218 3797; baseline -0.001 -22"><span class='ocrx_word' id='word_1_329' title='bbox 118 3721 251 3786; x_wconf 86' lang='lat' dir='ltr'><strong>concidi,</strong></span> <span class='ocrx_word' id='word_1_330' title='bbox 268 3739 358 3794; x_wconf 86' lang='lat' dir='ltr'><strong>neque</strong></span> <span class='ocrx_word' id='word_1_331' title='bbox 379 3721 528 3777; x_wconf 88' lang='lat' dir='ltr'><strong>timiditate</strong></span> <span class='ocrx_word' id='word_1_332' title='bbox 549 3726 642 3797; x_wconf 82' lang='lat' dir='ltr'><strong>aliqua</strong></span> <span class='ocrx_word' id='word_1_333' title='bbox 659 3743 820 3790; x_wconf 89' lang='lat' dir='ltr'><strong>concussus,</strong></span> <span class='ocrx_word' id='word_1_334' title='bbox 842 3727 929 3780; x_wconf 82' lang='lat' dir='ltr'><strong>mults</strong></span> <span class='ocrx_word' id='word_1_335' title='bbox 943 3742 1005 3778; x_wconf 89' lang='lat' dir='ltr'><strong>cum</strong></span> <span class='ocrx_word' id='word_1_336' title='bbox 1028 3724 1127 3776; x_wconf 77' lang='lat' dir='ltr'><strong>fiducie</strong></span> <span class='ocrx_word' id='word_1_337' title='bbox 1148 3739 1218 3775; x_wconf 90' lang='lat' dir='ltr'><strong>con-</strong></span> 
     </span>
     <span class='ocr_line' id='line_1_39' title="bbox 120 3793 1217 3868; baseline 0 -22"><span class='ocrx_word' id='word_1_338' title='bbox 120 3795 265 3865; x_wconf 83' lang='lat' dir='ltr'><strong>stantique</strong></span> <span class='ocrx_word' id='word_1_339' title='bbox 290 3793 382 3846; x_wconf 88' lang='lat' dir='ltr'><strong>animo</strong></span> <span class='ocrx_word' id='word_1_340' title='bbox 400 3794 571 3864; x_wconf 75' lang='lat' dir='ltr'><strong>contradixi3</strong></span> <span class='ocrx_word' id='word_1_341' title='bbox 601 3796 732 3868; x_wconf 82' lang='lat' dir='ltr'><strong>quodque</strong></span> <span class='ocrx_word' id='word_1_342' title='bbox 753 3797 884 3859; x_wconf 89' lang='lat' dir='ltr'><strong>accessit,</strong></span> <span class='ocrx_word' id='word_1_343' title='bbox 907 3804 940 3848; x_wconf 93' lang='lat' dir='ltr'><strong>ut</strong></span> <span class='ocrx_word' id='word_1_344' title='bbox 962 3793 1152 3848; x_wconf 79' lang='lat' dir='ltr'><strong>Melitenensis</strong></span> <span class='ocrx_word' id='word_1_345' title='bbox 1168 3807 1217 3846; x_wconf 82' lang='lat' dir='ltr'><strong>ve·</strong></span> 
     </span>
    </p>
   </div>
   <div class='ocr_carea' id='block_1_5' title="bbox 119 3861 1216 3989">
    <p class='ocr_par' dir='ltr' id='par_1_5' title="bbox 119 3861 1216 3989">
     <span class='ocr_line' id='line_1_40' title="bbox 119 3861 1216 3989; baseline -0.002 -74"><span class='ocrx_word' id='word_1_346' title='bbox 119 3866 201 3916; x_wconf 86' lang='lat' dir='ltr'><strong>niens</strong></span> <span class='ocrx_word' id='word_1_347' title='bbox 222 3865 380 3929; x_wconf 83' lang='lat' dir='ltr'><strong>nuntiaret,</strong></span> <span class='ocrx_word' id='word_1_348' title='bbox 399 3865 466 3917; x_wconf 84' lang='lat' dir='ltr'><strong>ioris</strong></span> <span class='ocrx_word' id='word_1_349' title='bbox 484 3873 554 3918; x_wconf 84' lang='lat' dir='ltr'><strong>stare</strong></span> <span class='ocrx_word' id='word_1_350' title='bbox 573 3867 705 3936; x_wconf 81' lang='lat' dir='ltr'><strong>quosdam</strong></span> <span class='ocrx_word' id='word_1_351' title='bbox 716 3875 862 3989; x_wconf 79' lang='lat' dir='ltr'><strong>potentes,</strong></span> <span class='ocrx_word' id='word_1_352' title='bbox 882 3881 943 3919; x_wconf 79' lang='lat' dir='ltr'><strong>mea</strong></span> <span class='ocrx_word' id='word_1_353' title='bbox 961 3881 1040 3916; x_wconf 83' lang='lat' dir='ltr'><strong>causa</strong></span> <span class='ocrx_word' id='word_1_354' title='bbox 1056 3869 1164 3932; x_wconf 85' lang='lat' dir='ltr'><strong>paratos</strong></span> <span class='ocrx_word' id='word_1_355' title='bbox 1177 3861 1216 3914; x_wconf 80' lang='lat' dir='ltr'><strong>sd</strong></span> 
     </span>
    </p>
   </div>
   <div class='ocr_carea' id='block_1_6' title="bbox 122 3933 1216 4367">
    <p class='ocr_par' dir='ltr' id='par_1_6' title="bbox 122 3933 1216 4367">
     <span class='ocr_line' id='line_1_41' title="bbox 122 3933 1216 4016; baseline -0.004 -30"><span class='ocrx_word' id='word_1_356' title='bbox 122 3935 232 4010; x_wconf 80' lang='grc' dir='ltr'><strong><em>οιροία,</em></strong></span> <span class='ocrx_word' id='word_1_357' title='bbox 259 3953 314 3987; x_wconf 88' lang='lat' dir='ltr'><strong>non</strong></span> <span class='ocrx_word' id='word_1_358' title='bbox 339 3949 436 4005; x_wconf 86' lang='lat' dir='ltr'><strong>parum</strong></span> <span class='ocrx_word' id='word_1_359' title='bbox 454 3937 513 3989; x_wconf 91' lang='lat' dir='ltr'><strong>eius</strong></span> <span class='ocrx_word' id='word_1_360' title='bbox 532 3938 647 3990; x_wconf 76' lang='lat' dir='ltr'><strong>consilio</strong></span> <span class='ocrx_word' id='word_1_361' title='bbox 670 3947 715 3990; x_wconf 81' lang='lat' dir='ltr'><strong>tur</strong></span> <span class='ocrx_word' id='word_1_362' title='bbox 736 3939 807 3989; x_wconf 81' lang='lat' dir='ltr'><strong>avits</strong></span> <span class='ocrx_word' id='word_1_363' title='bbox 832 3934 906 3988; x_wconf 86' lang='lat' dir='ltr'><strong>unde</strong></span> <span class='ocrx_word' id='word_1_364' title='bbox 925 3936 1018 3988; x_wconf 87' lang='lat' dir='ltr'><strong>statim</strong></span> <span class='ocrx_word' id='word_1_365' title='bbox 1034 3933 1134 4016; x_wconf 74' lang='lat' dir='ltr'><strong>theopo</strong></span> <span class='ocrx_word' id='word_1_366' title='bbox 1153 3935 1216 3986; x_wconf 84' lang='lat' dir='ltr'><strong>cxi-</strong></span> 
     </span>
     <span class='ocr_line' id='line_1_42' title="bbox 123 4005 1215 4088; baseline 0 -32"><span class='ocrx_word' id='word_1_367' title='bbox 123 4005 207 4070; x_wconf 88' lang='lat' dir='ltr'><strong>iiens,</strong></span> <span class='ocrx_word' id='word_1_368' title='bbox 234 4006 376 4059; x_wconf 83' lang='lat' dir='ltr'><strong>securitati</strong></span> <span class='ocrx_word' id='word_1_369' title='bbox 395 4021 459 4059; x_wconf 86' lang='lat' dir='ltr'><strong>suae</strong></span> <span class='ocrx_word' id='word_1_370' title='bbox 477 4008 624 4062; x_wconf 83' lang='lat' dir='ltr'><strong>consuluit.</strong></span> <span class='ocrx_word' id='word_1_371' title='bbox 666 4007 745 4060; x_wconf 87' lang='lat' dir='ltr'><strong>Nunc</strong></span> <span class='ocrx_word' id='word_1_372' title='bbox 771 4005 826 4058; x_wconf 91' lang='lat' dir='ltr'><strong>sibi</strong></span> <span class='ocrx_word' id='word_1_373' title='bbox 845 4005 997 4060; x_wconf 86' lang='lat' dir='ltr'><strong>conducere</strong></span> <span class='ocrx_word' id='word_1_374' title='bbox 1015 4008 1139 4088; x_wconf 76' lang='lat' dir='ltr'><strong>censuit,</strong></span> <span class='ocrx_word' id='word_1_375' title='bbox 1164 4019 1215 4056; x_wconf 84' lang='lat' dir='ltr'><strong>vos</strong></span> 
     </span>
     <span class='ocr_line' id='line_1_43' title="bbox 124 4073 1215 4162; baseline 0 -36"><span class='ocrx_word' id='word_1_376' title='bbox 124 4075 246 4141; x_wconf 84' lang='lat' dir='ltr'><strong>delatos,</strong></span> <span class='ocrx_word' id='word_1_377' title='bbox 273 4094 324 4149; x_wconf 87' lang='lat' dir='ltr'><strong>per</strong></span> <span class='ocrx_word' id='word_1_378' title='bbox 348 4077 468 4148; x_wconf 85' lang='lat' dir='ltr'><strong>speciem</strong></span> <span class='ocrx_word' id='word_1_379' title='bbox 489 4075 688 4133; x_wconf 81' lang='lat' dir='ltr'><strong>beneficentiae</strong></span> <span class='ocrx_word' id='word_1_380' title='bbox 704 4095 720 4130; x_wconf 86' lang='lat' dir='ltr'><strong>s</strong></span> <span class='ocrx_word' id='word_1_381' title='bbox 736 4093 781 4130; x_wconf 82' lang='lat' dir='ltr'><strong>me</strong></span> <span class='ocrx_word' id='word_1_382' title='bbox 800 4075 959 4162; x_wconf 69' lang='lat' dir='ltr'><strong>distrpherc.</strong></span> <span class='ocrx_word' id='word_1_383' title='bbox 1000 4073 1095 4126; x_wconf 81' lang='lat' dir='ltr'><strong>Postea</strong></span> <span class='ocrx_word' id='word_1_384' title='bbox 1110 4081 1215 4158; x_wconf 73' lang='lat' dir='ltr'><strong>‚iterum</strong></span> 
     </span>
     <span class='ocr_line' id='line_1_44' title="bbox 125 4144 1215 4288; baseline -0.001 -19"><span class='ocrx_word' id='word_1_385' title='bbox 125 4145 203 4272; x_wconf 64' lang='lat'>2²3⁰:</span> <span class='ocrx_word' id='word_1_386' title='bbox 220 4144 1215 4288; x_wconf 50' lang='lat' dir='ltr'><strong>*tistitittmtii&#39;tt:{dimittitittiftiiii</strong></span> 
     </span>
     <span class='ocr_line' id='line_1_45' title="bbox 128 4237 1214 4367; baseline 0 -23"><span class='ocrx_word' id='word_1_387' title='bbox 128 4303 184 4358; x_wconf 79' lang='lat' dir='ltr'><strong>nec,</strong></span> <span class='ocrx_word' id='word_1_388' title='bbox 202 4237 282 4367; x_wconf 54' lang='lat' dir='ltr'><strong>gtgsrasi</strong></span> <span class='ocrx_word' id='word_1_389' title='bbox 301 4257 371 4365; x_wconf 65' lang='lat' dir='ltr'><strong>pree</strong></span> <span class='ocrx_word' id='word_1_390' title='bbox 390 4289 523 4345; x_wconf 86' lang='lat' dir='ltr'><strong>malorum</strong></span> <span class='ocrx_word' id='word_1_391' title='bbox 539 4291 729 4365; x_wconf 73' lang='lat' dir='ltr'><strong>magnitudine</strong></span> <span class='ocrx_word' id='word_1_392' title='bbox 745 4289 781 4345; x_wconf 87' lang='lat' dir='ltr'><strong>de</strong></span> <span class='ocrx_word' id='word_1_393' title='bbox 799 4296 936 4363; x_wconf 82' lang='lat' dir='ltr'><strong>potestate</strong></span> <span class='ocrx_word' id='word_1_394' title='bbox 954 4287 1118 4355; x_wconf 84' lang='lat' dir='ltr'><strong>exissemus,</strong></span> <span class='ocrx_word' id='word_1_395' title='bbox 1139 4255 1214 4346; x_wconf 57' lang='lat' dir='ltr'><strong>salu:</strong></span> 
     </span>
    </p>
   </div>
   <div class='ocr_carea' id='block_1_7' title="bbox 0 0 1562 4930">
    <p class='ocr_par' dir='ltr' id='par_1_7' title="bbox 0 0 1562 4930">
     <span class='ocr_line' id='line_1_46' title="bbox 0 0 1562 4930; baseline 0 3"><span class='ocrx_word' id='word_1_396' title='bbox 0 0 1562 4930; x_wconf 95' lang='lat' dir='ltr'><strong> </strong></span> 
     </span>
    </p>
   </div>
  </div>
 </body>
</html>
