3128 4922
581 325 818 405 PRAEFATIO.
1168 335 1238 398 xm

154 501 327 585 planissime
340 502 512 584 pertinent:
541 491 599 583 'qui
617 521 678 586 quo
698 512 786 584 paeto
807 495 948 584 σωτηρία
964 499 1025 563 τῶν
1048 500 1238 584 πραγμάτων

156 603 263 682 luerit,
285 601 413 685 legendo
432 602 546 664 discos':
577 613 608 662 et
621 600 696 664 nihil
718 603 819 663 ven'us
838 601 898 662 dici
912 605 1044 684 potuisse
1067 605 1239 670 constitues.

157 701 212 764 llla
228 701 368 763 similiter
393 703 425 762 in
450 721 540 784 quem
563 699 677 782 olium,
713 721 847 784 quaeso,
877 703 934 762 nisi
952 703 985 764 in
1004 703 1143 764 eumdem
1162 723 1240 785 qua·

156 800 264 881 mant,
289 801 402 884 quibua
422 823 492 862 eum
510 799 598 864 Nilus
615 799 654 862 ab
668 799 813 884 exemplis
825 803 1025 883 nostratium,
1052 814 1238 866 emeromm-

156 923 212 984 que
232 901 416 982 scriptorum
435 902 560 979 incitat,
593 901 637 962 uti
660 911 728 964 acta
753 921 809 964 sua
828 903 991 964 memoriae
1016 904 1143 984 ipsemet
1166 921 1239 985 pro·

155 999 230 1060 dat?
259 993 328 1062 ἔστι
352 997 390 1061 δὲ
404 1000 459 1062 sui
476 998 521 1073 εἰς
538 997 740 1084 παράδειγμα
754 995 810 1083 τὴν
830 997 988 1083 ἡμετέραν
1011 995 1144 1065 ἱκετείαν
1167 993 1241 1063 ἆνε-

149 1103 280 1178 κιγκεῖν.
322 1086 364 1160 ἄν
377 1119 412 1162 se
428 1094 489 1184 peip
513 1095 587 1172 τούς
604 1095 741 1180 ἔξωθεν,
763 1087 803 1162 ἄν
822 1119 858 1162 ss
883 1094 959 1172 τούς
977 1095 1147 1184 ἡμετέρους
1169 1097 1241 1182 ἦγε-

155 1192 256 1276 μόνιις
276 1198 480 1284 ἒνθνμηθῇς,
510 1191 658 1280 οὐδαμῶς
677 1195 834 1286 ἀτιμάσῃς
851 1196 910 1283 τὴν
931 1193 1083 1283 ἱστορίαν.
1111 1199 1167 1262 uui
1185 1187 1242 1258 οὗ·

155 1293 303 1382 τοιγὰρ,
333 1289 470 1362 κοῖκεῖνοι
497 1295 552 1362 snt
572 1294 608 1362 τὰ
635 1296 831 1384 συγγράφειν
855 1297 1000 1382 καθῆκον
1020 1291 1171 1376 ἑαυτοὺς,
1200 1291 1240 1368 ou’

153 1392 253 1482 μικροὶ
271 1389 625 1482 strennuissimus»
641 1399 676 1464 iss
696 1395 848 1464 τοιούτων
866 1393 989 1482 dusinus
1007 1391 1152 1477 οἰόμενοι.
1174 1395 1242 1458 Nee

154 1517 230 1561 nero
254 1512 341 1562 earet
358 1499 526 1584 exemplo,
552 1499 643 1585 quod
665 1500 721 1564 abs
743 1513 773 1562 te
785 1499 934 1586 petimus.
974 1497 1101 1562 Etessim
1115 1497 1180 1558 sive
1198 1492 1246 1556 nd

142 1595 330 1674 'extemos,
360 1601 424 1663 siue
444 1601 491 1662 aci
512 1613 668 1666 nostrates
687 1601 764 1664 belii
779 1601 875 1662 duces
893 1601 1046 1678 respicias
1055 1642 1068 1672 ,
1097 1617 1162 1661 non
1179 1615 1244 1681 po·

154 1701 232 1762 teris
252 1701 312 1764 lsoc
323 1721 420 1782 genus
436 1703 618 1787 scriptionis
634 1713 840 1766 rontemnere.
885 1701 1009 1784 Quippe
1029 1711 1094 1760 tum
1108 1698 1154 1776 lsi,
1168 1708 1243 1758 tuns

155 1799 205 1861 illi
221 1801 283 1864 nuc
304 1804 429 1885 pariter
451 1824 484 1865 se
505 1803 710 1883 demiserunt,
731 1823 796 1866 non
811 1821 927 1886 parum
939 1798 1016 1862 inde
1032 1801 1168 1862 lsunsano
1186 1815 1244 1877 ge·

155 1901 224 1962 neri
245 1901 420 1966 consultum
441 1903 488 1966 iri
503 1905 704 1970 arbitrantes.
753 1901 837 1981 Quid
858 1900 941 1984 quod
961 1900 1074 1962 desua
1087 1919 1158 1959 essm
1175 1894 1245 1958 An-

160 1997 285 2062 dronioo
304 2005 567 2084 coniunctissima,
604 2004 836 2086 fidelissimaque
856 2002 987 2062 andsitia
1011 1999 1059 2082 (de
1080 2019 1142 2081 qua
1157 1999 1245 2080 equi-

158 2096 227 2159 dem
251 2104 403 2184 cop'tans,
438 2104 528 2168 simul
561 2103 600 2164 de
618 2103 766 2182 Davidis,
804 2111 834 2164 et
855 2099 1001 2162 lonathae
1021 2097 1245 2160 devinctissime

158 2199 358 2266 familiaritate
373 2205 492 2287 cogito:
523 2205 563 2268 de
579 2205 700 2287 quibus⁴
712 2205 860 2286 seriptum
878 2199 1026 2284 legimus,
1056 2198 1172 2259 Anima
1193 2195 1247 2258 Io·

155 2301 269 2364 nutias
284 2303 500 2384 conglutinata
520 2317 567 2367 est
581 2307 705 2367 animae
720 2301 876 2366 Dauidis:
896 2313 927 2362 et
941 2298 1061 2388 dileait
1072 2317 1141 2358 eum
1154 2296 1248 2379 quasi

154 2403 293 2464 unimam
308 2421 419 2490 sunm3
458 2426 597 2468 rursum:
628 2404 731 2468 Doleo
753 2423 848 2488 super
874 2414 923 2474 te,
948 2398 1059 2483 frater
1084 2397 1130 2458 mi
1150 2397 1248 2458 Iona·
1296 2407 1300 2426 ¹

155 2501 227 2576 tta,
263 2502 379 2565 decore
404 2505 520 2578 nimis,
557 2517 587 2567 et
616 2501 761 2572 amabilis
785 2521 882 2587 super
906 2517 1046 2564 amorem
1070 2495 1249 2573 mulierum)

87 2622 95 2650 ι
155 2621 214 2662 non
239 2604 299 2664 nisi
321 2605 449 2686 ipsemet
471 2607 514 2668 ita
545 2603 725 2684 συμπαθῶς
753 2615 784 2666 et
808 2599 947 2686 ἐναργῶς
969 2598 1101 2660 seribere
1126 2595 1249 2678 pontit?

155 2702 237 2784 quod
261 2703 386 2785 spildom
414 2725 629 2788 saepenumero
658 2705 739 2772 iacit.
790 2702 840 2764 sio
872 2700 1023 2778 solemus,
1059 2697 1247 2778 frequenter,

155 2803 300 2884 inquam,
322 2825 494 2888 magnoque
510 2827 580 2866 cum
597 2826 688 2866 sensu
709 2803 747 2864 de
770 2805 808 2864 iis
825 2801 929 2884 loqui,
951 2821 986 2860 no
1001 2798 1147 2875 sosibere,
1169 2814 1249 2876 quae

154 2913 207 2962 aut
232 2902 371 2966 absentia
397 2905 489 2966 valde
513 2909 544 2978 in
569 2907 744 2984 desideriis,
783 2915 836 2966 aut
859 2901 1028 2985 praeseutia
1053 2897 1250 2958 vehementer

154 3003 244 3064 nobis
265 3006 298 3066 in
321 3006 476 3068 amoribus
500 3017 580 3069 sum.
638 3006 703 3070 Nee
724 3004 801 3066 alius
825 3015 890 3064 tam
915 3001 1028 3062 diserte
1046 2995 1085 3056 de
1110 3001 1249 3054 recusato

154 3105 245 3164 toties
270 3107 426 3187 imperio,
464 3105 502 3166 de
531 3106 671 3168 libertato
694 3103 777 3186 apud
803 3099 1014 3163 Andronicum
1040 3116 1114 3175 sua,
1149 3091 1250 3174 dupe

154 3204 358 3287 amplitudine
389 3209 544 3288 potestatis
571 3225 664 3288 quam
697 3203 895 3278 obtinuisset,
939 3208 1059 3281 praeter
1085 3197 1249 3278 ipsunmet

155 3325 284 3365 narrare
306 3305 473 3387 voluisset,
512 3308 629 3368 etiamsi
655 3306 812 3388 potuisset.
867 3299 1042 3384 Scripturas
1060 3304 1180 3356 sanetae
1199 3303 1251 3352 to-

158 3405 214 3464 ties
235 3407 422 3488 productae,
452 3418 483 3470 et
504 3408 670 3468 monaedes
688 3403 847 3486 disciplina
867 3422 929 3463 non
952 3396 1044 3461 semel
1061 3407 1124 3457 tam
1142 3393 1251 3455 exinsie

155 3505 352 3587 praedicata,
383 3518 473 3590 atque
498 3511 589 3570 etiam
614 3527 668 3589 per
691 3515 787 3568 totam
810 3503 967 3564 historiam
988 3515 1109 3582 sparsae
1125 3503 1170 3554 tot
1183 3494 1251 3574 pie-

156 3606 228 3666 tatis
250 3617 360 3686 notae,
396 3629 459 3670 non
484 3607 578 3668 alium
608 3625 701 3689 quam
731 3602 914 3666 monaehtun
939 3599 1042 3677 olent,
1077 3593 1175 3678 qualis
1198 3589 1251 3652 illo

157 3713 337 3788 tumeret,
358 3729 428 3770 oum
450 3704 838 3770 haecohastismandarot.
878 3699 1008 3764 Dicendi
1027 3717 1137 3781 genus,
1166 3689 1251 3776 quod

158 3803 194 3862 in
215 3805 300 3868 libris
317 3819 423 3869 conus
441 3809 692 3886 Mahometanos,
727 3817 757 3868 et
780 3804 908 3866 ludaeos
930 3805 962 3864 in
979 3799 1153 3862 defensione
1179 3789 1252 3852 fidei
1332 3873 1335 3876 Ι

155 3902 351 3984 Christianae
376 3907 533 3988 adhibuit,
571 3909 639 3970 ideo
657 3905 801 3969 dissimile
818 3916 882 3985 ost,
910 3903 982 3985 quia
1003 3899 1063 3960 illis
1085 3893 1251 3978 ditpsslssll⁰

155 4003 310 4085 quaedam
333 4019 481 4090 perpetua
516 4019 546 4068 et
580 4007 735 4070 dialectica
761 4006 880 4088 potius3
910 4002 960 4064 hie
981 3998 1115 4060 narratio
1139 3991 1252 4054 diffusa

157 4117 189 4166 ot
207 4108 384 4169 continuata
406 4111 578 4201 sissoipitur.
619 4107 752 4170 Proinde
773 4117 808 4168 ut
829 4104 888 4166 slia
903 4103 968 4179 ibi,
997 4097 1057 4160 alia
1073 4096 1123 4158 hio
1143 4095 1184 4154 sit
1203 4089 1251 4152 fa·

155 4213 240 4292 cies,
262 4231 385 4286 neeesse
398 4224 450 4280 est.
503 4209 560 4273 ula
579 4208 701 4272 demum
719 4207 770 4272 lib.
785 4203 816 4287 [p
832 4225 900 4288 cap.
918 4198 968 4282 sil.
983 4209 1016 4274 ,et
1034 4195 1083 4262 25.
1107 4193 1250 4265 adversus
