3114 4930
331 261 388 364 84
563 267 568 284 ’
741 289 1022 358 mursensem

181 457 240 515 uc,
254 463 313 516 ινα.
329 436 347 514 3
365 444 471 508 τοίνυν
493 443 528 508 ἐν
549 440 644 532 ἑτέρῳ
664 443 775 534 χρόνῳ
796 445 978 528 γενήσεται,
1006 444 1105 530 φαίης
1120 431 1176 521 ἀν,
1205 441 1247 504 δι’
1270 438 1424 525 ἀνάγκην,

328 543 468 625 γενέσθω
491 536 551 608 κάν
565 545 611 632 τῷ
630 538 764 630 παρόντι
785 540 840 608 διό
855 540 895 608 τό
910 537 1137 628 συμβησόμενα
1157 543 1192 604 ἐν
1213 537 1326 605 τοότοο
1346 541 1426 602 πολ-

249 651 275 703 Ρ.
294 639 370 708 55λά
386 635 526 726 ἀγαθά.”
572 642 627 707 ἐπὶ
643 637 942 728 τοότοιςλογοθιτης
959 639 979 706 ό
997 642 1097 728 μόγοις
1116 637 1193 718 τοός
1205 661 1241 704 το
1253 638 1428 725 προτέρους

332 737 443 824 λόγους
469 735 638 824 ἀνολοβιόν
656 739 711 804 καί
739 741 886 817 πλείονας
909 739 1039 825 ἑτέρους
1064 741 1231 826 σονείρας,
1267 734 1324 806 καί
1344 757 1428 802 πον-

333 840 473 924 raptae
498 840 667 924 ἀλυσιτελῆ
689 842 744 906 καί
766 835 923 905 ἀόόνατον
937 837 993 924 τήν
1016 836 1142 924 αἴτησιν
1157 833 1341 917 ἀποδείξας,
1370 831 1454 902 ναίὸ

333 936 411 1024 πρὸς
426 936 461 1004 τό
480 941 629 1022 γενέσθαι
642 939 791 1004 τοιούτων
807 933 935 1023 ἀγγελος
950 941 1108 1016 παντελῶς
1122 935 1311 1016 ἀνονοόσας,
1325 928 1431 1020 ἀπήλ-

333 1044 400 1103 θεν.
431 1035 551 1124 ἔφασκε
569 1040 643 1102 δ’ἑν
658 1037 803 1123 ὑστέροις
816 1038 959 1123 χρόνοις,
979 1035 1104 1123 εἰρήνης
1116 1038 1292 1120 γενομένης,
1311 1032 1329 1098 ό
1349 1055 1430 1117 πρε-

334 1135 481 1222 σβότερος
487 1133 646 1220 βασιλεός,
658 1135 711 1216 σός,
726 1137 757 1201 εἰ
763 1136 839 1222 περί
846 1139 909 1203 τῶν
918 1131 1021 1223 όρνονν
1038 1136 1125 1224 αὐτῷ
1140 1137 1332 1222 ἀπηγγέλθη,
1341 1125 1432 1214 όμοο·

333 1235 422 1317 μόκει
443 1259 476 1300 τε
504 1229 542 1300 ἀν
564 1234 619 1300 καί
643 1235 737 1302 οάόὲν
760 1236 919 1322 ἐτολμήθη
947 1239 1012 1302 τοῖν
1035 1235 1282 1320 τετολμημένον·
1300 1227 1428 1297 διὸκαὶ

334 1332 392 1419 τήν
413 1334 518 1398 αἰτίαν
546 1330 678 1399 ἅπασαν
699 1337 759 1399 rori
778 1337 919 1416 πολέμου
944 1339 991 1414 εἰς
1014 1337 1180 1419 λογοόέτην
1204 1329 1346 1400 ἀνετιθει
1369 1327 1475 1394 τόνιο

333 1435 444 1515 μέγαν.
474 1439 540 1506 τοῖς
560 1431 666 1518 φίλοις
690 1435 722 1497 δ’
743 1432 844 1510 sidric
874 1427 963 1522 αότῷ
987 1426 1252 1518 πάραγενομένοις
1287 1425 1364 1496 ἀτε
1384 1425 1435 1494 εἴ·

335 1555 411 1616 ρηιιε
431 1535 486 1596 καί
505 1523 551 1596 τόν
571 1530 683 1615 ἔτυχεν
700 1532 898 1618 ἀποκρίσεων
916 1527 1176 1618 όιηγησάμενοςό
1197 1534 1267 1606 νέος
1281 1525 1436 1613 βασιλεός

306 1633 389 1696 Βκαί
411 1633 499 1708 τέλος
520 1633 612 1697 τοῦτο
642 1631 921 1718 ἐπιφθεγξάμενος,
958 1634 1060 1714 „tert
1080 1633 1118 1696 δὲ
1142 1630 1193 1707 τίς
1214 1627 1295 1714 ἔγνω
1311 1625 1435 1712 βουλήν

334 1755 368 1797 τε
391 1728 464 1797 νόον
489 1756 524 1796 τε
535 1735 568 1814 ;'’
598 1727 647 1798 ἔτι
662 1734 762 1818 μέχρι
781 1729 866 1809 τινός
884 1733 1008 1798 ἐκέλευε
1031 1732 1073 1818 τῇ
1091 1732 1315 1822 μεγαλοψυχίᾳ
1333 1749 1438 1814 προσ-

337 1839 509 1916 καρτερεῖν·
528 1829 570 1913 ,,ή
586 1832 726 1915 σήμερον
736 1827 797 1916 γὰρ
809 1826 966 1910 όκόιόόξει
981 1854 1012 1896 τι
1026 1831 1089 1896 τῶν
1103 1829 1332 1913 ἀγνοουμένων.
1351 1849 1432 1912 προ·
1442 1828 1477 1892 ι5

336 1925 535 2016 θεσμιοι.’γάρ
559 1921 641 1995 οάσα
657 1931 714 2014 τής
731 1927 810 2014 πρὸς
827 1926 882 1996 τόν
899 1928 1034 2013 βασιλέα
1054 1931 1111 1994 τοῦ
1127 1925 1266 2012 μεγάλον
1286 1919 1437 2007 donanti·
1534 2007 1535 2010 ρ

339 2053 396 2092 νον
413 2023 602 2112 ἀπολογίαις,
633 2029 676 2092 δι’
699 2022 798 2113 αάτής
813 2031 869 2115 τῆς
888 2026 1057 2112 ἀπολογίας
1076 2023 1156 2113 πρός
1169 2022 1207 2091 τό
1225 2023 1264 2089 τί
1270 2021 1335 2112 χρή
1357 2027 1438 2107 βοο-
1534 2049 1535 2088 1

340 2127 490 2193 λεόεσόαι
505 2125 560 2192 καί
575 2129 656 2216 όρᾷν
678 2125 855 2212 όόηγήσει.”
878 2119 977 2193 Οὗτοι
997 2130 1057 2208 μὲν
1076 2122 1134 2192 σόν
1151 2127 1284 2191 τοιαῦτα
1300 2129 1438 2207 βοολεο-
1534 2101 1535 2138 ¹

340 2224 471 2306 σόμενοι
498 2226 689 2291 όιελόλοντο.
732 2223 813 2312 πρός
841 2228 876 2291 di
898 2224 952 2292 τόν
977 2229 1078 2310 μέγαν
1103 2227 1286 2307 όομίστικον
1310 2221 1330 2288 o‘
1353 2225 1437 2306 χθὲς

343 2318 664 2410 &principaretur
689 2322 769 2412 πρός
794 2329 970 2408 βασιλέως,
1001 2321 1147 2392 ἀποιτοόν
1169 2320 1226 2409 τήν
1253 2315 1478 2405 ἀπολογιανπο

344 2425 516 2508 ἐποιήσατο
543 2424 580 2488 δὲ
600 2424 757 2509 τοιαύτην
793 2426 904 2507 ,,ἐμοί,
933 2419 1079 2511 κράτιστε
1094 2422 1244 2506 βασιλεῦ,
1265 2423 1322 2506 τῆς
1340 2417 1438 2502 εόμε-

343 2524 430 2600 νείας
447 2524 505 2606 τῆς
525 2525 591 2605 ,σῆς
613 2520 733 2598 πολλός
755 2518 862 2606 ἔχοντι
882 2521 941 2600 τός
966 2522 1172 2603 ἀποδείξεις,
1201 2516 1308 2608 ὥσπερ
1336 2517 1437 2607 ἔφην,

249 2630 283 2687 V.
301 2618 389 2698 λὸἔτι
412 2617 467 2684 καί
486 2617 522 2683 τό
538 2623 596 2686 νόν
613 2624 711 2685 τοότο
730 2621 857 2698 πλείους
878 2625 935 2688 καί
954 2623 1086 2703 μείζους
1106 2619 1212 2686 πτόλει
1230 2619 1288 2696 τός
1301 2620 1438 2706 γοόριτας

312 2715 514 2803 cinnamo·
548 2720 604 2785 ἐπί
620 2717 738 2798 πόσαις
756 2718 795 2806 όή
813 2718 944 2799 ταόταις
958 2718 1015 2787 καί
1032 2719 1147 2806 τοιότης
1166 2721 1244 2786 circi
1256 2727 1367 2803 τνχείν
1381 2721 1436 2802 τῆς

344 2914 440 2969 dorum
459 2918 627 2985 exspectatio
642 2915 796 2986 impetret''
832 2916 888 2969 Ubi
904 2932 990 2986 nepos
1009 2916 1152 2980 conticuit,
1168 2931 1281 2986 magnus
1293 2912 1435 2985 logotheta

344 2987 417 3040 dieta
441 3003 490 3038 sua
507 2991 608 3039 iterans
626 2987 737 3056 aliaque
761 2986 848 3038 multa
862 2987 1045 3050 accumulans,
1063 2987 1194 3057 omnique
1215 2988 1321 3038 ratione
1337 2993 1435 3054 postu-

343 3056 430 3109 latum
449 3059 562 3119 inutile,
586 3074 637 3110 nec
660 3057 719 3108 fieri
740 3074 820 3125 posse
846 3057 1046 3112 demonstrans:
1076 3068 1217 3126 praetereo
1238 3073 1268 3110 se
1286 3059 1316 3108 in
1335 3057 1388 3108 ista
1407 3071 1436 3106 re

344 3128 472 3178 nuntium
491 3129 666 3197 interponere
690 3145 799 3197 prorsus
823 3127 963 3191 abnuens,
989 3128 1126 3183 discessit.
1170 3130 1237 3182 Pace
1262 3125 1436 3195 postmodum

345 3198 506 3258 constituta,
524 3199 718 3265 imperatorem
735 3215 814 3249 avum
829 3207 981 3250 autumasse
999 3199 1107 3264 ierunt,
1124 3198 1147 3250 si
1163 3198 1197 3250 de
1215 3198 1369 3250 iuramento
1392 3198 1436 3246 in·

344 3265 495 3317 tellesissct
512 3267 633 3336 aliquid,
651 3268 805 3319 iuraturum
816 3266 919 3329 fuisse,
937 3277 965 3320 et
980 3270 1019 3321 ita
1031 3276 1087 3322 tam
1103 3267 1254 3320 audacibus
1268 3267 1436 3320 facinoribus

344 3336 515 3403 supersederi
535 3337 671 3402 potuisse;
698 3335 763 3388 hinc
788 3346 816 3388 et
838 3345 924 3389 totam
951 3338 1019 3390 belli
1041 3339 1149 3408 culpam
1167 3339 1196 3388 in
1214 3355 1341 3408 magnum
1358 3337 1437 3406 logo·

344 3404 449 3456 thetam
468 3404 643 3460 coniiciebat.
685 3406 751 3456 llox
768 3407 861 3458 iunior
883 3410 975 3460 rmicis
993 3409 1265 3478 supervenientibus,
1286 3424 1358 3477 quae
1378 3411 1437 3476 ipse

345 3471 463 3537 dixerit,
492 3491 562 3544 quae
582 3473 723 3544 logotheta
743 3476 931 3546 responderit,
957 3495 1019 3530 cum
1037 3486 1214 3532 memorasset
1240 3486 1269 3530 et
1295 3477 1329 3530 ad
1348 3487 1438 3530 entre·

344 3561 417 3596 mum
429 3544 589 3598 adiecisset:
607 3545 680 3609 „Dei
693 3554 812 3598 mentem
828 3549 1027 3618 consiliumque
1038 3551 1099 3620 quis
1117 3547 1278 3619 cognovit?”
1296 3549 1337 3600 uti
1348 3548 1438 3600 adhuc

344 3615 485 3685 paulisper
499 3615 640 3669 tolerando
658 3615 730 3666 viros
745 3633 774 3668 se
790 3625 974 3686 praestarent,
1001 3635 1047 3672 eos
1066 3627 1108 3671 est
1126 3619 1296 3673 cohortetusr
1321 3617 1437 3670 hodier-

344 3702 409 3737 num
428 3687 530 3754 quippe
549 3687 622 3738 dicor
642 3685 802 3750 docturum,
821 3689 895 3758 quod
916 3688 1058 3760 hucusque
1070 3689 1168 3742 suisset
1185 3691 1345 3760 ignoratum.
1366 3689 1437 3740 Nam

346 3773 405 3808 curn
424 3773 534 3826 maguus
555 3755 722 3808 domesticos
737 3757 773 3809 ad
790 3758 1011 3827 respondendum
1031 3762 1209 3830 praestitutus
1225 3761 1278 3824 sit,
1297 3759 1386 3810 cumi
1407 3775 1436 3808 sa

345 3829 523 3896 responsione
537 3834 566 3877 et
579 3827 688 3878 consilii
705 3834 733 3878 et
746 3829 862 3880 aetionis
880 3829 977 3882 ducem
995 3831 1060 3884 iore.
1102 3831 1191 3901 Atque
1202 3827 1371 3901 liquidem,
1384 3777 1437 3880 λόον

345 3896 514 3959 deliberato,
537 3897 650 3968 digressi
673 3905 747 3952 sunt.
792 3899 834 3951 dd
855 3917 980 3970 magnum
1001 3919 1065 3952 vcro
1084 3899 1262 3954 domesticum
1289 3899 1434 3952 hesternus

345 3969 459 4018 nuntius
479 3976 629 4028 revertens,
648 3985 805 4038 responsum
825 3967 860 4020 ad
880 3967 1048 4040 imperatoris
1063 3973 1136 4022 iussa
1151 3971 1248 4040 exegit.
1286 3969 1438 4039 Respondit

345 4037 376 4087 in
393 4037 462 4088 haec
479 4037 575 4090 rerba:
594 4037 662 4090 Cum
679 4041 810 4108 propensi
835 4041 893 4092 eius
913 4042 942 4092 in
961 4057 990 4092 se
1011 4041 1095 4094 animi
1114 4040 1278 4093 documenta
1294 4040 1436 4110 complura

345 4103 461 4170 habeat,
481 4115 511 4158 ut
528 4116 591 4161 onte
611 4108 696 4160 fassus
713 4109 765 4172 eit,
789 4109 900 4178 iusuper
918 4112 972 4162 ista
985 4112 1143 4179 provinciae
1163 4110 1303 4164 delatione
1317 4111 1353 4164 ad
1374 4129 1435 4180 gra·

346 4176 399 4232 tias
417 4177 557 4235 uberiores
576 4177 692 4248 agendos
709 4195 739 4234 ιο
757 4181 895 4250 compelli.
933 4180 1015 4236 Orare
1034 4189 1142 4254 tamen,
1162 4190 1225 4253 post
1241 4183 1335 4238 omnia
1352 4185 1434 4240 ctiam
1534 4237 1535 4240 ,
