3128 4922
321 291 352 394 4
762 318 969 386 suntoculi

323 473 505 545 christopolis
535 473 751 546 destinatur(q).
780 475 937 530 Callinicus
954 473 995 530 ad
1010 473 1119 526 Grolem
1139 473 1327 528 Triballorum
1341 477 1422 546 prin·

280 541 284 550 '
322 547 407 615 cipem
426 543 459 597 dc
478 547 611 600 societate
629 546 747 617 legatur.
784 544 912 615 Spondet.
932 547 1030 600 Denuo
1042 542 1075 597 de
1093 545 1172 605 loco,
1191 542 1233 596 ad
1247 561 1328 616 quem
1342 547 1421 598 salu-

321 618 357 668 tis
376 613 497 670 tuendae
518 617 695 684 confugiant,
712 615 902 676 deliberatur,
924 629 951 669 et
971 613 1172 680 Adrianopolis
1187 615 1355 686 praesertum
1374 617 1423 668 ln·

320 687 414 738 iuriae
434 689 485 738 avi
503 689 533 737 in
544 699 667 756 nepotem
685 699 880 738 memorantur.
917 685 1087 756 Syrgiannes
1099 701 1112 736 e
1124 685 1248 738 Tltracin
1260 698 1423 738 revocatur.

319 755 416 811 Adhuc
433 753 467 808 de
485 757 548 810 loco
557 758 657 828 stegae.
677 752 877 824 Adrianopolis
895 757 995 808 iteruin
1014 756 1136 824 eligitur.
1176 757 1332 819 Quaerunt,
1352 772 1424 828 quo·

319 823 400 880 modo
436 827 620 878 Constantino
641 825 683 878 oli
710 829 819 896 impune
852 837 954 878 exeant
989 822 1037 897 (8)
1060 825 1251 877 Protostrator
1274 841 1365 877 senem
1390 827 1424 877 in

321 893 475 952 custodiam
509 845 695 957 trudendism,
722 898 893 966 Syrgiannes
916 901 1036 948 omnino
1066 893 1252 964 iugulandum
1277 891 1423 948 decernit:

322 969 434 1035 utrique
458 983 619 1036 repugnans
642 968 872 1026 Cantacusenns,
893 966 926 1017 in
947 968 1040 1036 prima
1065 967 1222 1026 sententio,
1251 961 1284 1018 de
1302 965 1425 1034 simplici

321 1038 461 1097 discessu,
479 1034 697 1104 permanendum
714 1037 898 1107 pronuntiat,
917 1035 1074 1106 Syrgianni
1083 1048 1183 1088 eontra
1194 1037 1298 1086 nitenti
1310 1038 1425 1104 sapien·

321 1121 367 1161 ter
390 1108 532 1168 occurrit,
559 1109 696 1174 simulque
720 1117 952 1175 protostratorem
970 1107 1075 1178 refellit
1090 1105 1139 1175 (9).
1162 1105 1253 1175 Nepos
1279 1104 1314 1157 ab
1344 1105 1424 1158 omni

321 1175 490 1232 crudelitato
508 1179 540 1228 in
560 1194 643 1228 avum
663 1176 833 1238 abhorrens,
857 1176 1055 1229 Cantacuaeno
1073 1175 1230 1229 subscribit.
1264 1173 1340 1228 Idem
1358 1177 1427 1243 Syr·

321 1249 442 1320 gionnes
470 1259 497 1300 et
515 1259 705 1316 protostrator
714 1245 834 1318 jaciunt
876 1244 942 1317 (ιο),
974 1248 1178 1318 imperatricem
1200 1246 1424 1307 Cantacuzenus,

321 1319 372 1392 qui
389 1329 416 1369 et
434 1333 549 1386 magnus
566 1316 750 1378 domesticus,
777 1317 898 1368 iunioris
919 1317 1097 1386 imperatoris
1123 1317 1266 1386 coniugem
1287 1317 1427 1369 Constan-

321 1387 443 1457 tinopoli
460 1385 673 1458 relinquendam
693 1389 786 1439 sentit.
823 1387 946 1455 Magnus
971 1387 1163 1440 contostaulus
1191 1399 1218 1440 et
1239 1403 1356 1457 magnus
1382 1387 1427 1438 lo-

320 1457 433 1530 gotbeta
453 1456 618 1510 Metoclsites
644 1473 757 1510 causam
781 1459 891 1527 nepotis
914 1455 992 1526 apud
1014 1475 1099 1511 avum
1122 1469 1212 1525 agunt
1234 1454 1298 1528 (ιι).
1319 1454 1364 1509 Ad
1381 1457 1427 1510 iu·

321 1527 424 1582 dicium
447 1529 615 1581 arcessitur:
630 1539 820 1596 protostrator
837 1544 897 1578 eum
916 1529 1082 1580 comitatur.-
1104 1525 1268 1580 domesticus
1291 1544 1323 1579 su
1359 1543 1428 1578 rve-

322 1601 492 1667 nitposteas
515 1599 546 1650 in
562 1597 672 1666 palatio
699 1594 892 1651 destruendo
914 1598 1017 1650 iuvene
1035 1599 1269 1650 sermocinantur.
1339 1613 1426 1650 ernae

322 1669 447 1722 triremes
481 1685 500 1720 a
527 1668 718 1720 Genuensibus
751 1669 850 1720 amicis
885 1665 1144 1737 tmsrnnnsasoa).
1175 1667 1267 1737 Nepos
1295 1684 1426 1737 magnum

321 1736 498 1790 domesticum
516 1735 677 1808 mffendens,
696 1755 725 1791 se
744 1736 881 1790 desertum
900 1739 1097 1809 conqueritur:
1124 1754 1197 1809 quae
1215 1737 1333 1790 maxime
1352 1739 1426 1801 vult,

321 1805 409 1862 audit.
449 1809 562 1860 Citatur
579 1805 612 1861 de
631 1809 741 1877 integro
761 1808 796 1860 ab
818 1824 874 1859 nvo
893 1805 933 1859 ad
954 1805 1107 1862 iudicium:
1127 1810 1232 1861 amicos
1248 1805 1288 1860 ad
1300 1806 1429 1880 fidelita-

322 1892 374 1933 tem
398 1879 453 1930 sibi
471 1879 501 1928 in
517 1877 645 1948 periculo
660 1874 861 1948 praestandam
879 1876 1019 1932 bortatur.
1058 1878 1269 1930 Cantacuzenus
1288 1891 1316 1930 et
1330 1891 1428 1948 proto-

322 1962 429 2002 strator
455 1949 550 2000 omnia
573 1949 765 2018 pollicentur:
792 1944 832 1998 ad
850 1947 989 2017 palatium
1023 1945 1236 2018 deducunt(13).
1263 1947 1308 2000 lbi
1332 1966 1428 2002 coram

323 2019 460 2090 episcopis
477 2031 508 2070 ut
525 2017 658 2087 superbus
677 2017 834 2070 cerebellis
852 2035 870 2068 a
891 2034 956 2070 sene
975 2031 1133 2070 accusatur.
1170 2019 1261 2087 Negat
1279 2035 1307 2071 se
1325 2020 1428 2072 talem:

321 2092 347 2144 si
356 2090 521 2160 fiscinorum
540 2090 656 2140 istorum
675 2100 830 2157 compertus
840 2086 948 2157 flierit,
968 2088 1016 2139 vel
1035 2087 1183 2158 capitalem
1199 2105 1318 2158 poenam
1335 2090 1429 2143 liben-

323 2173 368 2212 ter
390 2170 582 2229 exceptum,
616 2169 746 2210 etenum
765 2171 796 2209 ut
821 2156 1049 2208 contumeliosum
1076 2155 1297 2229 redarguit(tl).
1332 2159 1429 2212 Amici

323 2229 379 2282 duo
388 2229 467 2300 joris
488 2227 634 2280 clamorem
657 2223 822 2289 audientes,
841 2242 1006 2280 succurrere
1028 2241 1141 2296 parant.
1179 2228 1269 2280 Senes
1286 2231 1427 2297 quiescit,

325 2312 353 2354 et
371 2299 468 2369 nepoti
493 2295 670 2350 conditiones
687 2298 752 2369 sert
770 2309 910 2369 quatuor.-
940 2293 1122 2366 adsingulae
1140 2295 1430 2371 respondet(15),pe·

323 2368 383 2422 dem
402 2370 461 2422 eius
476 2385 583 2437 pronus
598 2367 751 2420 osculatur.
790 2367 888 2436 Fingit
901 2364 950 2418 ille
965 2384 993 2419 se
1012 2369 1242 2420 reconciliatum.-
1259 2371 1342 2422 inani
1358 2386 1431 2439 gou-

325 2438 374 2493 dio
399 2438 552 2493 exsultatur.
597 2439 714 2490 Iubetur
734 2437 766 2488 in
783 2435 1002 2506 Peloponnesum
1026 2439 1186 2508 praefectus
1214 2440 1293 2492 abire
1312 2455 1429 2509 magnus

324 2509 508 2575 domenicus,-
537 2525 610 2576 quue
638 2507 723 2559 iussio
743 2509 877 2578 quoniam
893 2505 1023 2574 fraudem
1044 2508 1155 2570 olebat,
1183 2507 1255 2580 quid
1278 2523 1347 2580 agat
1367 2525 1428 2562 cum

324 2580 411 2636 sociis
430 2581 579 2632 consultat.
618 2578 779 2630 Coniicitur
798 2595 873 2628 mens
893 2577 968 2628 senis
991 2576 1079 2638 haec,
1099 2590 1131 2630 ut
1150 2581 1218 2649 ipsis
1239 2581 1329 2651 specie
1346 2597 1430 2650 prae·

316 2653 494 2723 facturarum
518 2647 680 2709 distractis,
700 2663 800 2698 nocere
820 2646 937 2698 liberius
970 2665 1005 2699 ac
1014 2647 1137 2717 facilius
1154 2653 1261 2718 possit:
1287 2667 1343 2702 non
1370 2666 1429 2702 esse

323 2723 440 2774 salutem
472 2716 743 2789 negligendam(t6).
762 2723 786 2768 A
805 2719 918 2769 iuniore
947 2714 988 2767 ad
1007 2735 1097 2770 senem
1118 2737 1170 2788 pro
1197 2721 1362 2791 impunitate
1384 2737 1429 2770 so·

326 2796 432 2846 ciarum
451 2789 557 2859 legatio
576 2787 756 2848 decernitur,
785 2803 869 2859 quam
890 2786 1056 2839 Metoclsites
1075 2790 1157 2841 certis
1184 2787 1217 2842 de
1239 2791 1331 2842 causis
1349 2791 1428 2843 obire

323 2863 468 2917 detrectat.
505 2861 638 2928 Sequitur
645 2857 762 2928 frivola
783 2857 930 2911 domestici
946 2858 1109 2919 excusatio,
1131 2877 1183 2912 cur
1200 2879 1218 2912 a
1236 2860 1429 2930 Peloponneso

325 2933 484 2986 abhorreat.
523 2928 691 2998 Obiurgatns
709 2928 744 2979 ab
764 2929 952 2996 imperatore,
984 2929 1016 2978 in
1038 2927 1206 2981 Thessaliam
1232 2930 1343 2984 iubetur
1359 2947 1428 3001 pro-

318 3004 417 3078 ficisci
426 3022 435 3067 ;
456 3017 541 3071 quam
558 2997 747 3052 conditionem
766 2997 898 3048 similiter
915 2997 1107 3066 subterfugere
1126 2997 1240 3050 studens
1258 2997 1428 3062 dissimulat,

326 3089 354 3128 et
369 3085 449 3126 extra
466 3070 558 3124 urbem
568 3069 669 3120 milites
685 3068 887 3138 pecuniamque
906 3079 1053 3135 exspectat
1092 3068 1297 3122 Protostratori
1306 3069 1430 3140 Prillepi

325 3149 502 3216 praefectura
530 3136 682 3191 mandatur
716 3137 782 3207 (17).
801 3137 948 3205 Scriptura
973 3134 1013 3188 ad
1033 3139 1165 3190 lectulum
1184 3140 1321 3203 invente,
1341 3159 1428 3210 nepos

326 3215 463 3280 Byzarstio
490 3207 694 3262 decimotertio
717 3204 863 3260 Kalendas
899 3207 1011 3267 Maias,
1044 3211 1190 3261 comitatus
1224 3224 1429 3282 protostratore

325 3287 479 3356 paucisque
503 3279 640 3342 somniis,
671 3297 730 3332 cum
756 3276 872 3331 cunibus
904 3290 931 3328 et
958 3277 1058 3330 avibus
1077 3281 1257 3343 venatoriis,
1277 3279 1429 3352 adjugens

327 3351 470 3420 tegendam
489 3351 606 3411 scilicet,
626 3347 776 3416 egreditur.
796 3345 984 3415 Adrianapoli
993 3352 1108 3401 comiter
1124 3354 1187 3402 acci
1207 3353 1271 3403 itur.
1308 3355 1367 3405 Hoc
1384 3353 1429 3402 in·

326 3427 455 3482 tellertn.
483 3424 635 3488 imperator
654 3421 786 3488 Tagorim
815 3418 977 3483 magistrum
999 3419 1120 3470 militiae
1146 3439 1162 3470 a
1199 3421 1353 3490 fugitivum
1383 3439 1429 3474 re-

328 3491 482 3548 ducendum
502 3493 610 3541 mittere
628 3492 703 3542 vult:
722 3507 740 3540 a
759 3507 815 3560 quo
840 3483 971 3548 docetur,
998 3487 1122 3540 laborem
1151 3491 1263 3543 inanem
1283 3490 1428 3562 fierem).

329 3562 513 3619 Interdicitur
529 3562 672 3621 omnibus,
694 3577 728 3610 ne
748 3570 870 3628 nepotem
890 3559 1001 3610 nomine
1017 3560 1193 3627 imperatoris
1213 3561 1361 3631 afficiant,
1380 3561 1429 3615 de·

327 3636 508 3705 claraturque
532 3630 633 3688 bostis.
660 3642 688 3682 et
712 3647 771 3682 cum
787 3629 920 3700 factione
939 3642 990 3679 sua
1015 3629 1159 3697 apiarum
1177 3633 1367 3684 communione
1386 3649 1428 3685 se·

329 3706 461 3761 anatur.
499 3704 537 3756 Ab
565 3720 596 3754 eo
623 3697 725 3752 deinde
749 3715 845 3767 pacem
868 3714 954 3748 senex
979 3699 1056 3765 petit.
1102 3697 1201 3768 Legati
1229 3701 1260 3750 in
1278 3699 1428 3754 discrimen

326 3781 463 3832 veniunt:
481 3786 508 3827 et
529 3772 569 3824 ibi
586 3773 705 3824 alterius
721 3785 852 3837 praesens
866 3779 951 3836 atque
965 3769 1146 3820 inconcussus
1165 3771 1281 3822 animus.
1302 3772 1428 3842 Benigno

246 3893 250 3902 .
327 3867 386 3902 cum
408 3863 540 3916 responso
568 3837 767 3899 dimittuntur(
773 3837 821 3906 19).
856 3834 995 3888 Postridie
1022 3840 1053 3888 in
1082 3839 1203 3890 concilio
1235 3858 1294 3910 pax
1317 3859 1429 3895 recusa·

327 3933 392 3972 tur.
431 3917 463 3967 ni
481 3918 576 3966 senior
594 3911 709 3982 imperio
731 3907 828 3960 cedat:
852 3904 938 3957 datur
955 3920 1048 3960 tamen
1065 3925 1170 3978 opera,
1190 3922 1222 3960 ut
1239 3913 1263 3962 is
1283 3913 1428 3963 imminens

324 3987 479 4059 potentum
496 3983 639 4038 declinare
655 3980 750 4051 possit.
787 3976 936 4030 Exercitus
963 3981 1030 4031 mire
1050 3991 1116 4028 avet
1135 3980 1298 4044 Byzantium
1315 3995 1425 4050 petere,

327 4076 379 4112 nec
404 4059 432 4110 ei
452 4052 618 4122 persuaderi
644 4061 752 4119 potest,
782 4060 813 4099 ut
846 4046 936 4098 libens
960 4049 992 4100 in
1016 4045 1188 4100 occidentem
1208 4049 1378 4121 tendat(ao).
1402 4053 1428 4104 Α

325 4123 547 4200 Spbentistltlabo
566 4126 722 4177 Moesorum
743 4135 806 4187 rege
828 4114 957 4170 insidiae.
993 4119 1078 4171 herste
1091 4119 1352 4184 Constantinopolin
1361 4137 1427 4190 per·-

325 4199 367 4270 git
385 4197 500 4256 iunior,
524 4193 645 4246 morbum
667 4201 849 4260 praetexens5
877 4202 967 4240 senem
1007 4202 1168 4250 raemonet,
1193 4201 1225 4242 ut
1243 4191 1298 4244 sibi
1315 4201 1426 4244 caveat.

326 4269 448 4340 Magnas
473 4263 638 4320 domesticus
661 4259 696 4316 ab
721 4257 929 4330 oppugnatione
949 4206 1027 4312 uriis
1047 4255 1285 4332 dehortatus-(ns).
1308 4260 1429 4315 Palaeo-
