3082 4940
444 243 733 366 rusroursnusi
749 295 788 366 ιι.
810 309 860 376 ιτ.
1110 271 1194 390 529

111 455 172 518 τάν
183 449 230 538 μη“
252 445 359 538 ὀρθῶς
373 449 518 536 έχόντων,
536 448 616 519 άλλά
637 457 692 522 καί
708 456 784 540 ἐμοί
799 458 970 526 πείθεσθαι
987 460 1262 544 παροιινοδντιλλὶ.
1277 463 1342 538 ιδλρ

109 545 149 616 τά
170 555 363 619 συνοιλοντα.
408 551 499 635 ὑμεῖς
518 557 624 623 τοίνυν
643 560 800 638 βασιλέως
822 557 1012 636 ἀποστάντες
1036 552 1129 624 οὐδὲν
1149 559 1194 635 εἰς

108 653 192 735 ὑμᾶς
210 653 487 739 άγνωμονὴσαντος
497 706 507 737 ,
537 655 803 743 προσεχωρήσατε
823 669 888 737 τοῖς
913 655 1118 746 Ταραντίνοις
1134 649 1197 740 orig

109 751 217 828 άπλάς
231 753 305 818 οδδὲ
323 748 453 837 άλάγως,
471 748 542 818 ἀλλ’
553 755 692 838 οἰόμενοι
710 760 755 846 τῇ
762 754 888 825 ἐκείνων
903 755 1071 846 συμμαχίην
1079 757 1197 842 Ἀκαρ·

87 855 219 920 ὄνανίαν
247 849 442 938 δυνήσεσθαι
467 851 599 938 δπάγειν
625 851 763 934 ἑαυτοῖς.
803 861 895 924 τοῦτο
920 861 955 922 δὲ
984 852 1065 922 οὐδὲ
1088 855 1196 940 ὀλίγον

107 951 161 1014 δεῖ
174 953 233 1016 τοῦ
247 947 328 1017 εἶναι
345 951 491 1019 δυνατόν.
513 949 610 1019 αὐτοί
624 943 684 1043 γάρ
709 951 768 1043 ἀφ’
786 950 910 1024 ἑαυτῶν
930 955 998 1048 ι’δίρι
1018 953 1197 1039 κινούμενοι
1205 965 1239 1021 V.
1248 966 1298 1035 ²⁵7

105 1051 266 1142 πλεονεξίᾳ
287 1055 436 1132 πολλάκις
453 1046 631 1140 Ἀκαρνάσι
651 1061 777 1147 στρατῷ
796 1055 923 1148 μεγάλῳ
943 1055 1199 1144 ἐπεστράτευσαν

105 1148 162 1213 καί
179 1149 239 1237 την
258 1148 371 1238 χάραν
391 1152 555 1220 ἐκάκωσαν
575 1148 635 1220 ὅσοι
654 1154 793 1238 μάλιστα
813 1159 906 1242 ἐξῆν·
934 1154 1054 1234 πόλεως
1083 1158 1119 1222 δὲ
1141 1155 1197 1219 ori-

105 1249 218 1330 δεμιάς
239 1250 446 1338 ἠδυνήθησαν
465 1255 571 1342 κάριοι
589 1257 759 1340 γενέσθαι,
789 1250 861 1323 οὔτε
883 1251 989 1333 ὅπλοις
1008 1256 1199 1340 βιασάμενοι

68 1339 180 1412 morire
199 1352 365 1442 πολιορκίη
380 1347 616 1438 άναγκάσαντες
635 1355 786 1446 δμολογιρι
803 1359 1017 1444 παραδοῦναι,
1039 1357 1106 1420 ἀλλ’
1128 1355 1220 1424 <taras

103 1445 260 1534 χάρησαν
281 1444 327 1518 ὧν
349 1443 425 1538 η’γον
448 1449 659 1538 ἀποβαλόντες
680 1457 736 1522 οὐκ
757 1451 899 1542 ὀλίγους,
927 1453 1011 1543 πλὴν
1038 1457 1068 1521 εἰ
1086 1451 1130 1539 μη
1155 1443 1201 1518 ὧν

103 1548 215 1628 αὐτοῖς
237 1545 408 1641 ἑκόντεςιοὶ
423 1552 634 1641 Ἀκαρνανίας
655 1547 808 1642 άρχοντες
836 1554 1088 1643 παρεχώρησαν,
1116 1558 1202 1618 Βον-

102 1649 212 1735 τίτζης
239 1653 299 1717 καί
327 1652 522 1720 Ναυπάκτου
550 1657 606 1720 καί
631 1659 830 1742 Bosporos,
858 1651 939 1722 ὥστε
971 1653 1056 1739 ἔχειν
1086 1645 1203 1728 αὖτοὺς

102 1752 298 1832 συμμάχους
315 1747 395 1836 πρὸς
414 1751 469 1826 τὸν
490 1747 571 1838 πρὸς
590 1757 724 1837 βασιλέα
741 1753 909 1838 Ῥωμαίων
927 1756 1070 1837 πόλεμον.
1095 1756 1129 1819 οἳ
1146 1745 1203 1818 oia

66 1847 284 1937 τ5Ἀκαρνάσι
326 1848 437 1933 μόνοις
475 1855 683 1935 πολεμοῦντες
716 1849 811 1920 οάδὲν
846 1852 1053 1941 ἠδυνήθησαν
1084 1847 1205 1918 άνάσαι

100 1950 219 2032 πλέον,
259 1951 309 2025 τίς
339 1947 426 2028 ε’λπίς
453 1955 675 2036 περιγενέσθαι
701 1955 760 2019 νῦν
786 1953 849 2034 καί,
866 1955 1023 2036 βασιλέως
1050 1947 1206 2036 παρόντος

101 2043 174 2130 άμα
200 2049 353 2138 στρατιᾷ,
376 2043 411 2125 iio
445 2049 598 2138 πρότερόν
622 2077 656 2118 τε
682 2054 738 2118 καί
757 2056 817 2120 νῦν
839 2052 916 2142 ῥᾷον
941 2053 1070 2136 ἐξαρκεῖ
1085 2049 1206 2132 ’Λκαρι

101 2151 197 2214 κάσιν
217 2143 299 2228 6μοῦ
316 2152 373 2213 καί
390 2150 594 2236 Ταραντίνοις
611 2158 757 2236 πολεμεῖν
764 2179 775 2234 ,·
802 2153 841 2216 σά
854 2149 918 2238 μην
942 2151 1012 2216 ἀλλ’
1031 2145 1106 2214 σιἰδὲ
1129 2145 1205 2230 ὑμῖν

77 2245 193 2324 ’ἐλπίς
213 2246 423 2332 Ἀκαρνάνων
439 2248 527 2326 τινάς
554 2253 805 2336 συναποστῆναι·
835 2250 891 2316 καί
914 2251 948 2316 οἳ
967 2248 1028 2336 γάρ
1055 2248 1207 2334 πρότερον

63 2347 241 2432 ωοῬιάγιοι
259 2349 315 2412 καί
324 2339 474 2436 ’Aponius
491 2354 752 2437 συναπέστησαν,
773 2354 876 2427 καλάς
894 2353 969 2438 περί
985 2349 1076 2438 σφῶν
1099 2346 1229 2412 advoivi}

101 2445 361 2534 βουλευσάμενοι
388 2446 428 2512 τά
449 2449 583 2536 1δέοντα,
617 2455 747 2534 βασιλεῖ
782 2448 840 2527 τάς
867 2449 974 2527 πόλεις
1010 2445 1209 2534 παραδόντες

101 2544 363 2634 προσεχώρησαν
377 2545 433 2613 καί
457 2551 550 2636 σφίσι
563 2574 597 2616 τε
617 2544 730 2642 οιάτοῖς
749 2547 847 2616 αἴτιοι
863 2551 1000 2634 ἐγένοντο
1025 2543 1209 2632 εὖπραγίαςι

102 2649 235 2712 πολλῶν
259 2642 319 2732 γάρ
348 2649 501 2734 ἐπέτυχον
526 2651 588 2714 τάν
606 2653 764 2732 βασιλέως
789 2644 978 2735 εὐεργεσιῶν
993 2645 1047 2712 καί
1064 2655 1131 2722 τοῖς
1151 2668 1210 2708 πο·-

102 2745 214 2824 λίτοιις
242 2753 310 2820 τοῖς
333 2741 445 2813 αὐτῶν.
489 2745 533 2822 ὥς
559 2751 620 2830 μὲν
649 2741 705 2813 σάν
729 2747 760 2812 εἰ
785 2750 841 2814 καί
871 2745 983 2833 ἥξουσι
1003 2749 1211 2831 Ταραντῖνοι,

100 2933 292 2998 nomnium,
321 2933 396 3008 quo'd
414 2949 507 2988 verum
528 2942 557 2988 et
581 2943 685 2988 rectum
702 2941 820 2988 nonest
843 2931 991 2996 deseratis,
1022 2929 1071 2984 sed
1094 2929 1212 2984 etmihi

102 3009 181 3061 hene
212 3006 369 3058 consulenti
392 3007 639 3076 obtemperandum
667 3006 837 3059 existimetis.
876 3005 929 3056 Vos
948 3007 1041 3074 itaque
1060 3003 1138 3054 nullo
1157 3002 1212 3054 im-

102 3079 248 3150 peratoris
266 3086 378 3147 peccato
407 3081 521 3140 offensi¹
549 3075 583 3128 ad
602 3078 768 3130 Tarentinos
795 3075 996 3144 transfugistis:
1022 3092 1073 3126 uec
1092 3071 1122 3129 id
1147 3073 1213 3124 sirn-

125 3151 224 3202 liciter
244 3156 272 3200 et
299 3149 471 3214 inconsulto,
499 3147 547 3200 sed
566 3150 618 3201 rati
644 3150 754 3200 iliorum
773 3148 872 3218 opibus
895 3147 1045 3199 Acarnania
1066 3145 1213 3212 potituros:

102 3169 171 3274 iton
193 3228 288 3271 autem
306 3227 440 3289 quantum
459 3217 492 3272 ab
509 3224 608 3272 effectu
627 3219 725 3273 abest?
760 3219 817 3288 Ipsi
835 3217 908 3270 cuim
924 3233 973 3268 sua
988 3216 1114 3286 privatim
1134 3213 1216 3282 cupi-

107 3291 204 3345 ditate
225 3298 254 3343 et
270 3291 383 3342 avaritia
400 3291 525 3360 impulsi,
552 3293 659 3359 saepius
678 3293 707 3342 in
726 3289 880 3342 Acarnanas
903 3305 962 3339 cum
981 3304 1079 3356 magno
1098 3283 1217 3354 profecti

106 3361 261 3424 exercitu,
279 3363 418 3432 regionem
437 3361 550 3433 quidem
568 3355 801 3432 populationibui
816 3367 845 3412 ct
863 3358 1003 3410 maleficiis
1025 3355 1217 3410 infestamur-

104 3434 258 3495 buerunt,
275 3433 370 3484 urbem
389 3441 481 3484 tamen
500 3433 604 3484 nullam
622 3450 672 3484 nec
691 3433 773 3484 armis
794 3428 974 3500 expugnando
994 3435 1141 3498 ceperunt,
1166 3443 1219 3480 nec

106 3501 273 3558 obsidendo
293 3502 327 3555 ad
347 3503 518 3555 deditionem
536 3510 699 3574 coegerunt,
718 3503 773 3556 sed
790 3503 877 3570 copiis
895 3519 951 3553 nou
971 3517 1065 3570 parum
1083 3499 1218 3550 imminu-

104 3578 164 3638 tis,
189 3584 362 3627 remearunt:
381 3591 478 3645 paucas
496 3591 594 3645 nempe
615 3575 774 3636 Boutitzen‚
801 3571 970 3640 Naupactum
991 3579 1019 3623 ct
1038 3569 1219 3623 Bothrentum

108 3645 245 3715 excipio,
264 3646 365 3716 quibus
383 3645 553 3698 Acarnaniae
573 3646 730 3716 principes,
755 3653 787 3696 ut
805 3662 852 3697 cos
870 3643 938 3694 belli
960 3649 1053 3693 contra
1073 3642 1221 3708 imperoto-

107 3733 175 3771 rem
196 3716 285 3769 socios
308 3716 460 3778 haberent,
483 3725 630 3768 cesserunt.
668 3715 724 3786 Qui
750 3714 834 3787 igitur
859 3731 921 3764 cum
948 3709 1133 3764 Acarnanibus
1152 3708 1218 3760 solis

107 3788 196 3842 bello
215 3787 429 3850 contendentes,
448 3787 520 3838 nihil
538 3795 669 3857 egerunt,
688 3803 759 3856 quae
778 3803 839 3854 spes
856 3792 1030 3852 superaturos
1050 3797 1122 3832 nunc
1139 3795 1221 3849 prae-

111 3868 229 3912 sentem
251 3859 443 3927 imperatorem
462 3877 523 3910 com
545 3857 684 3918 exercitu,
705 3857 751 3928 qui
773 3865 801 3907 et
820 3855 886 3906 alias
906 3854 998 3922 potuit
1015 3859 1044 3904 et
1061 3867 1133 3904 nunc
1151 3849 1222 3900 saci·

111 3931 176 3982 lius
205 3937 298 3997 potest
324 3945 385 3979 cum
410 3929 597 3982 Acarnauibus
626 3936 654 3980 ct
679 3927 838 3978 Tarentinis
864 3924 947 3976 simul
972 3923 1077 3974 bellum
1108 3919 1223 3989 gerere?

78 4021 83 4030 ·
112 4003 156 4054 At
182 4015 275 4068 neque
297 3999 375 4051 vobis
400 4015 508 4068 sperare
535 4000 617 4062 licet,
645 3999 816 4050 Acarnanum
843 3996 950 4064 aliquos
978 3999 1067 4044 vestro
1096 3989 1223 4058 exemplo

115 4070 289 4123 defecturos.
327 4069 396 4120 Nam
422 4071 472 4141 qui
497 4071 573 4138 prius
599 4069 741 4121 vobiscum
772 4067 930 4119 defecerant
952 4063 1048 4134 Rhogii
1067 4070 1095 4114 et
1114 4061 1224 4122 Antaei,

113 4140 207 4194 rcbus
238 4141 295 4192 suis
344 4141 411 4193 robe
440 4142 630 4204 consulentes,
654 4139 813 4206 imperatori
838 4154 866 4188 se
892 4135 1058 4188 addixerunt
1083 4132 1226 4201 multaque

113 4210 181 4266 sibi
207 4227 239 4263 ec
265 4157 371 4264 entius
397 4209 453 4263 suis
471 4211 506 4263 ob
528 4228 561 4265 co
582 4209 654 4263 <lona
678 4207 835 4272 consecuti,
861 4199 972 4259 felicem
991 4211 1091 4257 statum
1110 4202 1225 4254 iuvene-²
1285 4201 1291 4212 '

199 4315 420 4370 eansacussnur.
993 4307 1027 4374 34
