3128 4922
336 297 436 364 xviri
774 284 801 348 l·
829 281 1008 354 Poma-Ns

337 463 450 546 dicere,
471 477 565 546 qaam
578 439 604 522 si
616 476 669 522 eas
682 450 865 542 prudentes,
886 455 1046 539 copiosas,
1066 445 1293 541 nervorumque
1305 447 1341 520 a&
1353 472 1425 520 sm.

333 567 437 649 'gennis
458 563 585 647 plenas,
624 566 655 622 et
673 558 798 620 omnino
820 550 1070 638 ῥητορικωτίρας
1092 554 1206 620 dixero.
1263 555 1427 619 Praeterea

336 659 388 727 hie
410 665 545 726 invenire
559 670 604 724 eat
623 655 707 721 locos
722 675 897 718 communes
909 663 1054 716 tractans
1069 658 1208 739 egregie,
1237 659 1311 719 scite
1331 655 1427 734 dicta',
1555 667 1556 676 ’

335 766 507 849 paroemias
528 782 590 823 non
614 758 776 842 vulgares,
810 754 975 818 celebrium
1000 756 1182 837 scriptorum
1204 755 1249 856 (ut
1271 753 1309 820 de
1334 757 1428 818 sacris

336 873 453 925 taceam
465 861 487 943 ),
497 862 671 941 sententias,
699 856 823 922 fabellas
837 856 953 940 aliquot
972 855 1088 940 lepidas
1115 865 1146 918 et
1162 855 1281 918 adrem
1299 856 1429 920 demon-

337 963 492 1025 strandam
507 963 681 1045 appositus:
697 965 799 1042 quaa,
829 968 866 1019 ut
883 957 953 1035 seis,
975 954 1234 1040 Philosophorum
1249 955 1293 1018 illi
1309 956 1429 1018 antisti·

336 1072 395 1140 tes,
413 1061 503 1123 Plato
524 1072 555 1123 et
570 1057 763 1138 Aristoteles,
784 1059 961 1142 neutiquam
980 1057 1217 1120 contemnendas
1235 1059 1429 1124 censuerunt.

337 1161 466 1244 Capieut
480 1172 512 1222 te
527 1161 613 1239 item,
634 1181 711 1245 quas
727 1161 855 1222 strictim
871 1157 1004 1241 attingit,
1024 1157 1180 1220 Romanae
1192 1155 1353 1220 historiae:
1375 1175 1429 1218 ca·

313 1249 421 1344 ‘pient
437 1262 516 1323 varii
539 1261 635 1322 ritus:
667 1259 788 1344 capient
807 1277 885 1342 quos
908 1259 1017 1320 miscet
1038 1255 1212 1320 animorum
1225 1266 1340 1338 moure,
1359 1263 1429 1317 tum

335 1357 419 1421 lenes
446 1381 482 1420 ac
502 1360 617 1440 sedati,
648 1379 725 1443 quos
746 1347 811 1441 ἤθη
834 1357 962 1439 Graeci,
996 1365 1064 1420 tum
1093 1376 1201 1442 graves
1220 1355 1266 1418 illi
1304 1365 1335 1417 et
1360 1373 1430 1416 con·

334 1459 438 1538 citati,
468 1480 545 1543 quos
573 1459 666 1520 iidem
692 1455 780 1540 πᾶθρ
810 1468 942 1520 vocant:
982 1457 1104 1541 capient
1127 1457 1345 1541 descriptiones
1366 1454 1426 1516 uli·

335 1567 412 1640 quot
441 1559 593 1642 insignes:
616 1558 736 1644 capient
757 1554 818 1619 alia
839 1556 964 1619 demum
987 1555 1130 1640 plurima.
1172 1555 1291 1638 Quodsi
1323 1574 1429 1618 rerum

334 1659 465 1719 varietas
478 1656 627 1738 delectat,
657 1654 696 1719 de
716 1677 778 1742 quo
794 1676 887 1719 nemo
911 1654 1052 1739 dubitat,
1081 1676 1119 1720 ea
1137 1675 1212 1720 aene
1230 1655 1281 1719 hic
1301 1655 1429 1718 mirilico

334 1757 489 1836 cernitur,
510 1770 546 1822 ut
564 1756 753 1842 singulorum
773 1755 923 1819 librorum
939 1754 1114 1842 periochae,
1134 1775 1189 1818 seu
1210 1757 1360 1841 epitomae
1379 1755 1429 1816 in'-

334 1853 489 1923 dicabunt.
533 1857 693 1941 Episcopis
715 1855 835 1919 debitus
856 1855 975 1938 honos,
1005 1866 1036 1918 et
1053 1857 1224 1920 reverentia
1243 1855 1294 1917 hie
1317 1853 1429 1916 tribui-
1555 1847 1556 1878 ³

333 1961 396 2015 tur.
449 1953 606 2018 Catholiea
627 1957 782 2036 instituta,
814 1956 1064 2040 ceremoniasque
1090 1957 1134 2036 ita
1161 1963 1233 2018 sunt
1259 1973 1316 2040 per
1337 1952 1430 2016 hosce

333 2051 430 2118 hbros
454 2053 628 2136 luculenta,
668 2062 705 2117 ut
732 2073 795 2118 non
821 2067 908 2138 optes
932 2058 1038 2139 magia
1081 2055 1118 2116 ln
1135 2053 1243 2138 primis
1271 2072 1346 2117 vero
1367 2051 1426 2116 Dei

333 2155 435 2218 Mater
459 2175 578 2218 summa
597 2156 630 2216 in
655 2155 851 2217 veneratione
877 2162 941 2218 ests
976 2153 1026 2215 cui
1047 2153 1139 2215 etiam
1158 2153 1234 2214 urbs
1257 2162 1322 2215 tota
1345 2151 1428 2214 Gon·

333 2253 544 2338 etauu'nopolis
561 2275 580 2314 a
601 2253 800 2316 Constantino
819 2243 933 2338 Magno
956 2253 1136 2332 commissa,
1172 2270 1208 2315 ac
1223 2251 1361 2314 dedicata
1383 2250 1429 2314 le·

334 2353 427 2438 gitur.
477 2353 552 2417 Vita
570 2355 738 2415 monastiea
763 2361 809 2414 est
831 2351 876 2414 illi
908 2351 1041 2436 πρᾶγμα
1065 2346 1160 2414 καλὸν
1185 2347 1241 2415 καί
1267 2349 1428 2437 θεοφιλὲς,

333 2447 510 2534 ἀπράγμων
539 2443 596 2516 καί
617 2445 734 2532 μεστὸς
755 2445 894 2535 γαλήνης
921 2450 1011 2532 βίας,
1046 2443 1220 2560 ἀκρότατος
1249 2445 1338 2532 βίος,
1375 2443 1431 2513 καί

332 2547 505 2634 τελεωτάτη
523 2547 684 2632 πολιτεία,
721 2543 810 2614 θεῖόν
827 2572 860 2613 aa
886 2549 1001 2635 χρῆμα
1034 2549 1090 2614 καὶ
1109 2542 1212 2632 ἱερὸν,
1241 2546 1429 2636 φιλοσοφία,

332 2647 391 2710 καί
414 2647 490 2735 περὶ
511 2645 668 2734 οὐρανίων
696 2641 894 2736 πραγμάτων
929 2648 1062 2731 γνῶσις,
1096 2642 1188 2732 ἔργον
1214 2641 1339 2734 ὑψηλὸν
1373 2645 1431 2711 καί

332 2739 393 2829 τήν
418 2744 622 2834 ἀνθρωπίνην
646 2741 839 2831 ὖνιερβοῖνον
861 2743 1018 2830 δύναμιν,
1047 2739 1119 2835 isaei
1138 2742 1269 2832 ἡσυχία.
1310 2746 1349 2810 ld
1369 2733 1427 2826 est,

332 2863 385 2909 res
409 2846 541 2910 honesta
558 2891 573 2922 ,
617 2861 648 2912 et
675 2849 746 2913 Deo
771 2849 939 2924 amabilis,
978 2852 1047 2912 uita
1072 2851 1208 2931 negotiis
1227 2869 1351 2922 vacua,
1395 2858 1429 2911 ct
1555 2865 1556 2908 1

334 2945 578 3031 tranquillitatis
601 2946 697 3035 plena
704 2990 719 3022 ‚
755 2966 937 3032 supremum
981 2969 1021 3014 ac
1052 2948 1321 3033 perfectissimum
1342 2947 1428 3008 uitae

332 3041 512 3108 institutam
520 3091 535 3122 ,
558 3067 610 3108 res
627 3060 737 3111 saneta
774 3059 806 3110 et
820 3047 950 3122 divina,
982 3047 1210 3135 philosophia,
1232 3061 1265 3111 et
1290 3046 1428 3128 cognitio
1555 3053 1556 3120 j

333 3160 442 3204 rerum
461 3146 665 3222 coelestium,
697 3169 777 3232 opas
800 3147 955 3224 sublime,
995 3159 1026 3210 et
1050 3147 1196 3210 humanis
1220 3147 1345 3211 uiribus
1362 3165 1429 3207 ma·

333 3237 405 3317 ius,
436 3243 526 3325 quies
548 3260 669 3315 sancta.
709 3249 847 3309 Mentem
864 3265 958 3330 porro
980 3247 1084 3326 Atho,
1106 3243 1146 3309 ed
1163 3267 1255 3331 quern
1270 3240 1429 3329 complura

334 3338 492 3403 aedificata
517 3345 719 3424 monasteria,
752 3347 784 3406 in
803 3348 915 3428 quibus
944 3349 1050 3432 ingens
1078 3347 1298 3410 monachorum
1322 3342 1430 3407 multi·

333 3435 431 3522 tudo,
461 3434 552 3502 πόλιν
572 3437 738 3527 οὐράνιον,
768 3445 934 3507 coelestem
958 3447 1118 3508 civitatem
1137 3449 1285 3513 nominat.
1325 3444 1428 3507 Fucos

332 3533 405 3598 illos
424 3537 638 3624 scholasticos,
671 3539 727 3605 καί
747 3536 808 3617 τὰς
829 3537 1008 3628 ληκύθους,
1047 3557 1078 3609 et
1101 3547 1256 3630 pigmenta
1276 3543 1430 3626 Isocraten

303 3689 307 3698 .
334 3653 399 3698 nou
418 3636 512 3702 hebet
530 3639 606 3704 haec
621 3641 768 3706 historia:
798 3641 852 3706 sed
873 3655 1016 3708 ornatum
1034 3646 1197 3728 quemdem
1217 3641 1430 3723 matronalem,

334 3735 518 3824 virilemque
547 3761 584 3804 ae
608 3742 766 3806 robustam
784 3741 973 3828 elegantiam.
1015 3744 1176 3808 Schemate
1195 3743 1345 3829 quaedam
1357 3765 1429 3806 oru-

270 3867 273 3877 ¹
335 3839 437 3919 torio,
471 3851 502 3902 et
520 3839 673 3904 Atticismi
694 3864 758 3908 non
780 3847 902 3928 penitus
921 3843 1043 3907 ahsrmt.
1095 3845 1215 3930 Lingua
1236 3847 1344 3928 purior
1368 3853 1427 3926 est,

336 3953 431 4016 quum
453 3959 511 4024 pro
536 3939 589 4003 illa
610 3953 726 4023 aetate,
755 3963 818 4006 non
841 3965 912 4006 cum
928 3943 1007 4007 lacte
1025 3947 1152 4006 nutricis
1167 3945 1293 4024 hausta3
1322 3941 1375 4006 sed
1392 3961 1428 4006 en

336 4029 423 4096 libris
447 4049 591 4124 percepta
614 4041 766 4111 videlicet.
822 4043 903 4106 Nam
924 4042 978 4106 illo
1001 4043 1122 4107 saeculo
1149 4042 1223 4128 (sub
1243 4042 1428 4106 Andronicia

336 4133 484 4200 umrum
512 4149 544 4202 ct
558 4137 664 4227 antu)
680 4155 745 4208 non
765 4142 958 4209 meuoefiter
978 4141 1180 4229 inunum,
1200 4151 1232 4209 et
1245 4141 1427 4208 nuuuona
