3074 4946
357 272 444 379 432
657 250 659 259 ¹
770 281 1053 378 esurientem

209 456 279 520 tc
292 457 638 546 ιλλοπροβαλλομένων,
657 449 787 541 όμὲγας
808 457 989 539 δομέστικος
1006 453 1215 539 σονεβοόλεοε
1232 457 1365 540 βασιλεῖ,
1379 455 1425 522 τόν

357 553 570 644 πρεσβύτερον
587 549 735 640 Ἰαόννην
754 556 920 634 ἀποδεῖξαι
941 553 1156 642 πατριάρχην,
1178 551 1214 620 ἐν
1230 558 1287 641 τής
1309 548 1425 640 Ἀπρίαι

336 660 423 741 Βμὲν
437 652 512 722 ὄντα
535 654 653 733 πόλεως
672 656 803 741 πολίτην
820 660 877 721 καί
890 659 923 735 ἐξ
940 649 1087 739 ἀσήμων,
1114 654 1188 741 περί
1206 657 1242 721 δέ
1260 653 1317 741 τήν
1334 653 1427 740 ἱερατι-

359 755 417 842 κήν
432 754 629 841 λειτουργίαν
646 752 787 836 μάλιστα
803 758 954 820 δοκοῦντα
977 753 1062 839 ἔχειν
1084 756 1214 842 εὐφυῶς
1221 808 1231 838 ,
1253 752 1270 819 ό
1288 757 1376 838 μέγας
1387 757 1428 818 io·

358 859 506 939 μέστιιιος
533 856 689 941 ἐνέγραψε
712 862 778 930 τοῖς
811 853 936 930 οἰκείοις
962 853 1016 919 καί
1045 853 1121 939 περὶ
1146 853 1204 942 τήν
1229 853 1318 941 ἱερόν
1337 856 1442 938 ἐχρήτά

360 957 481 1041 ταύτην
500 955 710 1037 λειτουργίαν.
750 947 884 1040 ὕστερον
905 956 941 1018 δὲ
960 955 996 1019 osi
1016 957 1119 1042 πολλῷ
1141 955 1253 1040 χρείας
1268 955 1429 1036 γενομένης,

358 1057 402 1144 τῷ
421 1056 576 1142 βασιλικῷ
604 1055 760 1137 ἐνέγραψε
784 1050 906 1142 κλήρηι,
935 1055 1034 1138 μηδὲν
1052 1055 1116 1119 τῶν
1138 1058 1215 1139 παρ’
1238 1051 1335 1117 αιέτοό
1355 1075 1430 1134 χορη-

266 1157 525 1242 λλαιαγοαμένων
543 1149 710 1238 προσόδων
723 1150 955 1238 ἀποστερήσας,
978 1154 1048 1218 ἀλλ’
1063 1155 1198 1227 ἐκείναις
1215 1150 1275 1228 τός
1293 1145 1430 1234 βασιλικός

360 1250 523 1340 προσθείς.
564 1249 620 1316 καί
648 1251 802 1318 διετέλεσέ
827 1275 863 1335 γε
886 1251 980 1316 κάκεῖ
993 1248 1067 1336 urps*
1093 1249 1289 1317 τὰτοιαῦτα
1317 1245 1431 1330 pitture

361 1353 538 1434 εάδοκιμῶν
565 1351 620 1414 καί
647 1346 702 1414 διά
732 1353 817 1415 τοῦτ’
838 1351 979 1415 ἀπέλαυε
1015 1354 1071 1434 τής
1102 1351 1259 1432 βασιλέως
1285 1344 1458 1430 ciperente

361 1449 511 1537 βασιλεὺς
533 1453 568 1515 ἀὲ
588 1449 695 1538 ἐπῄνει
715 1475 748 1515 τε
768 1447 822 1515 τόν
840 1447 1001 1535 λόγονκαὶ
1021 1451 1224 1534 ἐπιχειρητέα
1244 1447 1348 1532 ἔλεγεν
1363 1441 1436 1526 εἶναι,

327 1551 425 1638 (ἶεῖγε
451 1552 632 1634 ἀνυσθῆναι
659 1547 803 1615 δυνατόν.
838 1548 884 1626 ὥς
905 1553 941 1615 δὲ
966 1560 1032 1626 τοῖς
1056 1555 1175 1624 λοιποῖς
1196 1547 1376 1634 ἀρχιερεῦσι
1395 1543 1436 1609 sis

359 1649 435 1738 saepi
450 1647 564 1716 τοότοο
582 1650 741 1735 προσῆγον
755 1647 865 1734 λόγον,
888 1646 917 1713 οἱ
937 1652 998 1732 μὲν
1014 1643 1115 1724 εέθός
1131 1641 1235 1734 οἷόσπερ
1258 1641 1324 1711 ἀπό
1338 1641 1439 1728 ουεθή-

359 1773 463 1836 ματος
484 1749 600 1825 πάντες
627 1748 817 1814 ἀπωθοῦντο
848 1750 904 1814 καί
924 1749 1000 1814 otti
1021 1744 1185 1834 ήνείχοντο
1208 1750 1271 1812 τῶν
1297 1747 1368 1832 περί
1381 1739 1440 1808 rosi-

360 1873 418 1916 τοο
448 1846 559 1932 λόγων·
612 1845 765 1931 βασιλεός
792 1850 828 1914 δὲ
845 1841 964 1937 ᾳότούς
978 1841 1080 1922 οὕτως
1096 1839 1175 1931 ἀγαν
1190 1843 1276 1930 ὁρῶν
1297 1843 1465 1925 decerpto

360 1971 454 2030 νοος,
475 1951 520 2035 τῷ
538 1945 665 2034 μεγάληι
687 1944 859 2035 θομεστίκῳ
877 1943 936 2032 τήν
948 1945 1022 2032 περί
1039 1945 1155 2010 τούτου
1172 1944 1369 2030 ἐπιχειρησιν
1384 1943 1442 2007 ἐπέ-

361 2071 485 2134 τρεπεν.
527 2042 543 2110 ό
566 2047 603 2110 δέ
627 2039 722 2111 οὐδὲν
743 2044 904 2130 μελλήσας
929 2043 1096 2130 ἐκκλησίαν
1113 2044 1324 2132 συνήθροιζεν
1339 2046 1373 2110 ἐν
1392 2043 1442 2105 τόν

362 2147 539 2233 ἀρχιερέων
561 2146 595 2210 ἐν
607 2146 652 2234 τῷ
673 2148 738 2210 τῶν
751 2147 850 2210 θείων
864 2142 1048 2210 ἀποστόλων
1062 2146 1211 2230 Χριστοῦ
1227 2148 1309 2232 vergi,
1337 2142 1386 2207 καί
1399 2166 1444 2204 τι·

363 2243 484 2322 ταστός
506 2247 552 2320 εἷς
566 2241 697 2327 λόγους,
719 2244 875 2329 ἐπεχείρει
889 2242 1030 2325 πείθειν,
1051 2243 1095 2321 σός
1109 2245 1226 2310 tereto
1247 2241 1444 2328 πρεσβύτεροι

365 2342 507 2428 Ιοιόννην
526 2345 581 2410 ἐπέ
593 2341 629 2408 τὸ
647 2341 848 2429 πατριάρχην
865 2345 1021 2426 δέχεσθαι
1035 2347 1247 2430 ψηφίζεσθαι·
1273 2340 1305 2407 οἱ
1325 2344 1354 2406 θ’
1372 2339 1472 2404 ἀπε-το

363 2441 554 2526 πεχείρουν,
575 2439 619 2520 τός
642 2435 716 2506 οότε
740 2445 862 2508 δίκαιον
870 2494 881 2525 ,
910 2435 980 2508 οὔτε
1007 2445 1165 2518 λυσιτελὲς
1187 2435 1227 2507 ἀν
1250 2445 1293 2528 τῇ
1316 2436 1445 2522 ἐκκλησιήι

364 2538 415 2626 εἴη
435 2543 492 2606 τοῦ
519 2543 609 2606 θεοῦ.
651 2545 776 2606 πολλῶν
796 2544 832 2606 di
858 2543 892 2620 ἐξ
908 2535 1060 2628 ἐκατέρου
1085 2546 1202 2628 με’ρους
1217 2541 1323 2624 λόγων
1336 2537 1448 2622 εἰρημέ·

230 2643 233 2650 ’
332 2654 443 2724 uror,
457 2641 545 2717 τέλος
560 2639 738 2726 ἀνέστησαν
747 2638 937 2728 ἀσύμφωνοι
954 2651 1025 2720 ταῖς
1040 2640 1191 2727 γνιόμαις,
1211 2643 1279 2706 τῶν
1289 2643 1351 2723 μέν
1363 2638 1447 2702 odda-

435 2775 560 2846 ostorp
581 2779 652 2830 coni.
670 2776 725 2829 ED.
733 2777 760 2829 P.
818 2779 994 2848 ι3.προση”γε
1010 2779 1099 2849 intpr.
1149 2783 1189 2838 rt.
1208 2775 1445 2834 munasterio

436 2847 509 2900 Petri
527 2857 557 2901 et
567 2849 654 2906 Pauli.
689 2847 834 2916 Templum
844 2849 914 2901 iliud
926 2849 1099 2904 Constantini
1120 2868 1197 2920 opus,
1216 2851 1246 2902 in
1267 2866 1369 2922 eoque,
1383 2855 1411 2897 ut
1424 2849 1446 2894 et

437 2915 544 2971 Helena
560 2927 665 2983 mater,
683 2918 807 2988 sepultus
826 2927 882 2988 est;
901 2917 936 2973 de
954 2937 986 2974 eo
1005 2923 1114 2992 saepius
1121 2923 1235 2975 Zonaras
1255 2915 1446 2980 iib.3.E1).i‘·

366 3020 398 3074 in
417 3022 581 3075 sacerdotali
601 3023 755 3076 ministerio
777 3022 972 3077 dexterrimnm
992 3025 1072 3078 etad
1091 3026 1120 3079 id
1139 3023 1445 3082 accommodatissimum,

367 3093 442 3147 idem
459 3091 625 3147 domesticus
646 3095 720 3148 inter
738 3112 800 3147 suos
824 3093 988 3149 domesticos
1012 3096 1207 3167 adscripscrat,
1238 3099 1289 3169 qui
1309 3095 1365 3149 sibi
1382 3111 1397 3145 a
1412 3107 1446 3143 ss·

368 3163 421 3216 cris
444 3172 525 3222 esset.
569 3164 631 3218 Non
651 3165 699 3219 diu
719 3174 798 3234 post,
821 3183 882 3217 cum
901 3168 939 3219 ita
958 3185 1022 3220 usus
1041 3177 1182 3238 posceret,
1201 3169 1230 3220 in
1249 3168 1356 3220 clerum
1372 3167 1446 3232 impc-

367 3234 467 3288 ratoris
487 3234 614 3287 eumdem
633 3237 788 3307 cooptavit,
807 3238 967 3306 pensionem
985 3255 1060 3290 suam
1082 3239 1108 3290 ci
1126 3239 1287 3310 relinquens
1306 3245 1337 3290 et
1352 3237 1445 3302 insupu

367 3305 545 3373 imperatoris
564 3307 698 3375 pensione
719 3307 868 3358 cumulans.
915 3309 958 3360 lbi
977 3325 1088 3382 quoque
1107 3326 1214 3378 semper
1231 3306 1308 3360 bene
1326 3305 1446 3362 sudiitrt

368 3375 539 3442 imperatoris
564 3379 678 3446 gratiam
704 3386 746 3430 est
769 3386 948 3432 consecutus:
979 3381 1028 3449 qui
1054 3380 1201 3434 consilium
1227 3379 1360 3448 probarit
1376 3385 1402 3428 et
1417 3376 1446 3424 itt

368 3444 530 3498 faciundum
552 3445 636 3512 dixit,
663 3449 686 3501 si
711 3447 794 3500 modo
820 3450 915 3532 perfici
940 3451 1036 3520 possit
1079 3451 1133 3503 Ubi
1160 3449 1196 3504 sd
1213 3451 1360 3520 episcopor
1380 3459 1445 3514 super

369 3531 402 3569 co
421 3517 534 3580 retulit,
563 3517 607 3570 iiii
632 3520 725 3572 statim
751 3535 829 3590 quest
856 3523 1074 3589 conspirassent,
1102 3519 1139 3574 ad
1157 3537 1241 3572 unum
1262 3537 1361 3573 omnes
1378 3514 1446 3570 reniti

367 3603 460 3658 neque
485 3587 582 3641 audire
604 3590 684 3642 relic.
732 3589 891 3658 Imperator.
913 3609 1000 3662 usque
1026 3591 1096 3644 adeo
1120 3599 1305 3662 repugnantes
1333 3601 1446 3644 cernens·

366 3659 509 3728 negotium
528 3676 624 3728 magno
643 3659 793 3713 domestico
818 3663 983 3726 committit,
1009 3665 1057 3732 qui
1076 3661 1147 3714 nihii
1165 3671 1328 3724 concutus,
1353 3661 1446 3730 epistt·
1493 3654 1494 3708 λ

365 3743 464 3796 porum
482 3730 513 3782 in
532 3740 687 3783 sanctorum
703 3731 889 3801 apostolorum
904 3733 1007 3802 templo
1022 3735 1186 3785 conventum
1201 3734 1270 3804 egit3
1290 3731 1333 3784 ibi
1349 3741 1446 3783 exorsus

365 3799 464 3872 loqui,
482 3803 629 3871 impetrare
647 3801 682 3854 ab
701 3802 758 3854 iliis
778 3801 903 3867 laborat,
921 3807 962 3856 uti
981 3804 1110 3858 loannem
1129 3820 1178 3873 pro
1197 3801 1356 3875 pstrisrcha
1372 3799 1446 3852 susci·

366 3869 501 3939 piendum
527 3871 683 3926 decernant
732 3873 778 3924 ilii
804 3881 897 3926 contre
921 3890 1059 3939 asserere,
1090 3872 1119 3926 id
1136 3891 1227 3946 neque
1246 3875 1352 3928 iustum
1370 3883 1446 3939 necat

367 3941 499 3994 ccclesiae
517 3944 570 3996 Dei
590 3943 750 4012 frugiferum
769 3943 835 3996 sore.
871 3945 968 3998 Multis
990 3946 1024 3997 sb
1044 3952 1161 4018 utraque
1180 3952 1258 4016 parte
1276 3944 1375 4004 dictis,
1396 3950 1446 3992 tsn-

367 4009 431 4064 dem
449 4023 582 4084 surgunt,
607 4013 826 4083 discrepantibus
849 4016 1013 4080 sententiis,
1043 4013 1108 4067 dum
1125 4015 1156 4068 hi
1174 4033 1210 4070 ne
1231 4031 1349 4086 unquam
1366 4013 1444 4066 irren-

367 4081 434 4134 dum
453 4086 629 4148 existiment,
655 4087 730 4138 vitae
754 4085 826 4137 coris
847 4085 1031 4154 insplicitum,
1059 4087 1139 4139 uxori
1164 4094 1193 4138 ct
1211 4033 1275 4139 ἐλλὶε
1294 4084 1446 4138 cohabitas-

367 4158 443 4214 λεια,
466 4155 497 4208 in
521 4156 731 4209 excelsissimam
756 4155 907 4224 magisterii
933 4156 1089 4211 cathedram
1116 4155 1247 4224 erchem
1276 4157 1328 4210 itte
1354 4156 1391 4208 sic
1407 4165 1444 4202 rot

368 4221 489 4280 :cicliitr
526 4225 557 4282 si
573 4226 681 4298 stioqui
697 4223 734 4278 sd
751 4221 825 4280 isne
841 4226 1013 4284 functionem
1030 4225 1149 4284 idoneus
1166 4236 1196 4282 ct
1211 4225 1321 4282 habitis
1339 4227 1388 4290 sit,
1401 4219 1443 4276 ist
