3128 4922
472 274 754 342 ursromsuurr
786 281 811 340 ι.
842 285 870 346 ι.
1170 249 1218 334 15

115 429 262 499 κυκλῶν
276 435 390 514 πεῖραν
404 423 491 514 ε’ἱνχο·
505 430 659 512 παιδείας,
681 421 754 497 οὕτε
769 429 847 518 πρὸς
862 431 1028 519 στρατείας
1052 425 1167 520 ἤσκητο
1182 436 1291 501 sdic.
1303 447 1367 502 1320

115 532 287 620 παράπαν,
309 521 382 596 οὔτε
397 527 474 616 πρός
495 553 527 595 τι
541 533 605 596 τῶν
621 525 681 596 ὅσα
701 533 791 608 νέους
808 542 922 614 κοσμεῖ
932 532 1059 619 εὐφυῶς
1080 530 1147 618 εἶχε
1161 530 1219 601 κῶν

115 631 298 716 ἐπ’δλιήυν,
315 629 386 694 ἀλλ’·
399 625 483 696 οὗτοι
499 632 698 696 παντάπασιν
714 621 791 698 ὅντα
804 629 919 708 παντὸς
942 633 1147 720 ἐστερημένον
1165 661 1220 700 κα.

115 735 196 814 λοῦ,
214 727 323 806 δεινὸς
337 723 559 814 ἔρωςέἷσήλθε
575 725 630 794 τὸν
652 731 805 813 βασιλέα,
834 733 875 816 τῇ
897 734 1028 818 λαμπρᾷ
1044 731 1143 820 ταύτῃ
1168 732 1253 798 καδΡ.
1266 743 1300 802 tt

95 825 259 918 ὄβαδείσς
276 830 409 916 δεομένῃ
425 824 539 916 φρενὸς
554 827 874 918 δπιστήσαιβοσιλείρι
884 827 1068 910 Ῥωμαίων.
1082 827 1167 898 οὕτω
1179 832 1219 918 δή

114 928 308 1016 διανοηδείς
325 925 480 1014 καὶέργον
493 922 610 1013 ήπτετο
622 919 694 1012 ήδη,
710 924 766 992 sui
776 925 831 992 τὸν
847 925 986 1012 Μιχαὴλ
1008 929 1044 993 ἐκ
1062 931 1117 1016 τῆς
1134 925 1222 1018 παρὰ

113 1027 224 1118 μητρὶ
242 1027 408 1116 διατριβῆς
433 1023 579 1114 ἀφελῶν,
597 1026 752 1092 Ισύνοικον
771 1025 933 1104 ἀπέδειξεν
948 1019 1053 1116 ἱαυτρῖ
1068 1026 1124 1093 καί
1145 1053 1223 1094 συν.

111 1125 345 1214 διατριβοντα,
366 1120 454 1215 αδτηῖ
475 1148 510 1190 τε
535 1124 588 1189 δεῖ
611 1123 878 1211 παρακαθήμενον
904 1123 960 1189 καὶ
979 1125 1223 1211 παριστάμενον,

113 1225 174 1293 καὶ
194 1225 239 1292 τὰ
256 1226 368 1310 πρῶτα
388 1226 453 1290 τῶν
466 1221 613 1309 γνησίων-
632 1223 885 1312 ἀποφερόμενον,
911 1219 970 1289 dou
992 1248 1028 1308 γε
1047 1226 1093 1302 εἰς
1116 1225 1221 1312 τιμήν·

80 1321 165 1392 scira
182 1348 221 1390 τε
242 1321 298 1390 διὰ
316 1324 455 1408 σπουδής
470 1325 604 1389 ἐποιεῖτο
624 1321 743 1408 πάσης,
763 1319 799 1388 ἔν
815 1345 850 1387 τε
865 1330 931 1400 τοῖς
948 1321 1027 1410 πρὸς
1041 1325 1115 1402 τούς
1130 1323 1223 1390 ὅθεν,

114 1423 261 1511 δήποθεν
285 1425 434 1510 πρέσβεις
457 1431 701 1510 χρηματισμοῖς,
729 1420 788 1487 κᾶν
814 1428 885 1498 ταῖς
909 1419 989 1508 πρὸς
1013 1415 1223 1510 οἶρχιερέαςή

111 1548 206 1601 τινας
221 1524 288 1589 τῶν
308 1525 419 1610 σοφῶν
435 1517 585 1605 δμιλιαις,
604 1515 698 1606 ήκαδ
713 1511 818 1598 ἄλλοις
836 1518 904 1586 riui
919 1519 1020 1604 λόγοις
1035 1519 1089 1588 τὸν
1106 1521 1223 1609 οἰκροοι..

114 1620 173 1706 τήν
195 1621 327 1687 δοκοῦσι
341 1619 555 1706 συνετώτερον
573 1627 674 1686 ποιεῖν
692 1613 810 1685 ἑαυτοῦ
820 1669 830 1700 ,
860 1627 1020 1706 παρεῖναι·
1031 1620 1087 1686 καὶ
1107 1621 1223 1709 depo&

116 1726 197 1788 odat
207 1717 263 1786 τὸν
271 1722 419 1806 Μιχαήλ·
439 1721 472 1785 el
488 1721 525 1786 δέ
539 1741 614 1785 ποτε
630 1717 824 1805 συμβεβήκει
837 1716 892 1784 τὸν
900 1717 1038 1805 Μιχαήλ
1051 1719 1096 1807 μή
1108 1728 1251 1809 σαροῖ-Β

82 1827 171 1892 istros
183 1828 255 1897 ταῖς
272 1817 496 1903 δγωνιστικσῖς
512 1817 650 1902 duritiem
668 1819 725 1883 soii
741 1819 915 1900 βασιλέως,
934 1824 1135 1899 μετεκαλεῖτο
1146 1823 1222 1886 τοῦ..

118 1941 173 1984 τον
194 1917 245 1983 διὰ
265 1919 390 1985 πολλῶν
407 1915 451 1996 ῶς
465 1919 505 2004 δή
523 1942 556 1984 τι
576 1908 734 2004 προῦργου
746 1953 748 1958 ,
759 1917 867 1980 ποιῶν.
887 1915 1001 1993 σκοπὸς
1018 1917 1051 1980 δ’
1066 1907 1105 2002 ήν
1122 1918 1222 2008 ον’τήῖ,

124 2014 161 2080 τὸ
176 2019 310 2105 ἐμφανὲς
330 2018 410 2099 μὲν,
430 2015 476 2094 ῶς
499 2010 539 2082 ῶν
564 2016 652 2104 αὐτῷ
673 2015 859 2102 περιποιήση
885 2012 980 2100 τιμήν
1000 2015 1056 2081 καὶ
1074 2011 1221 2098 Ῥωμαί-

127 2137 178 2192 ους
190 2115 280 2205 πείσῃ
300 2114 344 2192 ῶς
361 2112 473 2204 ἒγγόνιρ
490 2117 647 2198 βασιλέως
670 2113 758 2202 αὐτῷ
774 2115 949 2198 προσέχειν
970 2117 1010 2202 τῇ
1027 2116 1059 2180 δ’
1073 2115 1219 2208 dimissis,

125 2213 194 2300 πρὸς
217 2212 255 2279 τὸ
271 2213 489 2296 μελετώμενον
516 2208 613 2280 ου’τδν
633 2215 688 2298 τῆς
714 2212 815 2300 ἀρχῆς
838 2214 1010 2299 ἐξασκήσαι
1030 2208 1131 2298 ὕψος,
1164 2215 1222 2281 κου’

85 2311 195 2400 κοκρὸς
209 2321 327 2400 πεῖραν
343 2313 512 2400 α’ναγογεῖν
528 2314 710 2398 διοικήσεως
733 2315 926 2398 πραγμάτων
940 2314 1121 2396 βασιλικῶν.
1149 2313 1220 2380 καί.

119 2435 168 2476 τοι
178 2435 214 2496 γε
234 2405 329 2490 edric
356 2409 376 2478 si
395 2409 545 2496 denticulo
566 2408 763 2497 Ἀνδρόνικος
781 2408 864 2492 μετὰ
887 2408 945 2486 τοὶς
960 2410 1153 2496 συμβάσεις,
1180 2410 1220 2492 ῶς

118 2511 287 2596 ἐποιήσατο
295 2509 373 2597 πρὸς
381 2507 435 2576 τὸν
441 2508 566 2596 ἔγγονον
574 2507 629 2575 καί
636 2511 770 2594 βασιλέα
778 2507 832 2574 τὸν
839 2507 1124 2596 νδονἌνδρόνικον,
1141 2507 1219 2577 eoo.

118 2607 172 2676 τὸν
196 2611 415 2692 ε”ξαιτιῶμενος
440 2609 515 2696 περὶ
536 2608 667 2692 τούτου,
695 2609 752 2674 οὐκ
776 2611 812 2674 ἐκ
827 2609 987 2696 αερινοῶις
1009 2607 1092 2690 τινὸς
1124 2605 1219 2696 ήκει-

188 2729 231 2766 nr.
249 2715 395 2781 καίτοιγε
415 2711 460 2767 Gr.
477 2728 528 2785 pro
542 2715 638 2766 καίτοι
654 2723 692 2764 τε.

116 2799 225 2852 iontem
244 2813 279 2850 ex
295 2803 383 2852 matre
399 2799 450 2852 vili
468 2807 496 2851 et
513 2797 632 2884 ignobili
649 2799 744 2862 traxit,
765 2797 877 2872 fuitque
889 2805 980 2852 cetera
992 2815 1102 2870 quoquc
1115 2799 1221 2853 nuliius

138 2869 213 2922 retii.
248 2867 319 2922 Nam
342 2884 434 2941 neque
455 2869 498 2921 illi
526 2870 668 2940 ingenium
694 2868 842 2939 prudentia
861 2870 998 2922 munitum
1022 2877 1096 2933 erat,
1128 2885 1219 2942 neque

113 2887 277 2994 bibentium
308 2937 516 3010 disciplinarum
545 2940 673 3012 peritiam
705 2939 809 3003 ullam,
844 2957 936 3012 neque
963 2939 1091 2990 militaris
1129 2939 1220 2992 sciea-

109 3011 174 3064 tine
199 3010 427 3064 exercitationem
447 3011 492 3065 vol
512 3009 694 3072 mediocrem,
722 3025 821 3082 ¹neque
849 3008 960 3062 demum
977 3015 1219 3082 quantamcunque

113 3079 241 3132 indolem
266 3079 405 3132 edulium
423 3081 624 3135 adolescentiae
644 3079 727 3134 decus
746 3088 775 3133 et
797 3086 988 3132 oruamentum
1008 3094 1073 3148 prae
1092 3095 1121 3130 se
1141 3080 1219 3139 tulit.

116 3148 218 3204 Nibilo
242 3157 336 3202 tamen
356 3153 445 3204 secius
461 3149 610 3205 vehemens
632 3149 722 3202 libido
741 3147 927 3202 Andronicum
954 3151 1148 3218 imperatorem
1171 3148 1218 3202 iu-

108 3221 201 3283 -vasit,
228 3228 261 3273 ut
281 3221 444 3274 omnimodis
463 3222 498 3272 ab
522 3221 598 3274 omni
616 3218 698 3272 laude
717 3219 830 3288 inopem
857 3219 1079 3288 splendidissimo
1096 3226 1125 3271 ct
1144 3220 1218 3275 altae

113 3288 260 3342 cuiusdam
278 3293 377 3342 mentis
400 3291 494 3362 indigo
510 3289 680 3376 principatui
700 3291 821 3343 Romano
844 3289 1058 3361 praeficiendum
1076 3289 1217 3344 existima·

113 3369 166 3414 ret
184 3361 257 3431 Ergo
279 3359 328 3414 ubi
346 3361 494 3415 consilium
511 3360 666 3432 expedivit,
684 3359 757 3412 nihil
775 3360 936 3414 morandum
951 3369 1035 3424 ratus,
1050 3359 1216 3415 Michaelcm

113 3427 335 3497 consuetudine,
368 3433 550 3504 convictuque
565 3432 659 3484 matris
679 3439 865 3502 segregatum,
890 3429 1070 3483 domesticum
1089 3441 1217 3485 suamet

113 3498 344 3554 contubernalem
370 3503 452 3568 iecit;
484 3518 501 3555 a
528 3505 615 3556 latere
637 3519 685 3555 suo
708 3519 850 3574 nunquam
874 3499 1015 3554 discedere
1041 3516 1136 3570 passus
1159 3511 1216 3567 est,

113 3579 146 3624 et
162 3588 353 3644 quaecumque
368 3572 490 3644 legitime
504 3573 640 3645 generatis
652 3571 804 3626 honorilice
818 3571 1014 3636 tribuerentur,
1033 3573 1062 3623 in
1080 3570 1124 3624 iris
1137 3589 1217 3628 eum·

109 3640 179 3694 ‚dem
197 3643 300 3726 primas
324 3643 396 3696 ferre
420 3641 516 3697 voluit
560 3645 675 3714 insuper
705 3643 786 3696 enixe
812 3659 923 3714 operam
949 3641 1041 3705 dedit,
1067 3650 1100 3694 ut
1124 3643 1155 3696 in
1173 3661 1216 3698 re-

113 3729 222 3782 sponsis
242 3712 278 3767 ad
296 3712 447 3784 legationes
466 3713 616 3768 undeunde
636 3713 748 3776 missas,
776 3723 805 3765 et
820 3715 849 3765 iu
865 3711 1055 3784 congressibus
1072 3729 1134 3764 cum
1153 3715 1216 3784 epi-

114 3783 204 3852 seopis
223 3792 273 3836 aut
290 3797 352 3836 cum
368 3784 435 3836 viris
453 3785 644 3854 sapienti-bus,
670 3783 766 3835 aliisve
782 3785 810 3834 in
826 3785 990 3856 colloquiis,
1018 3798 1089 3854 qnae
1105 3785 1216 3836 auscul-

113 3861 232 3906 tatorem
249 3855 397 3924 semetipso
416 3853 623 3924 prudentiorem
642 3855 772 3906 effectura
789 3853 965 3917 viderentur,
984 3869 1074 3906 coram
1093 3852 1216 3914 Michael

113 3922 223 3977 adesset
242 3931 326 3996 atque
345 3923 508 3978 attenderet
544 3923 610 3988 Sin,
628 3920 794 3994 imperatore
812 3923 983 3994 disceptante
1000 3940 1061 3974 curn
1074 3928 1213 3994 quopiam,

113 3994 185 4046 forte
203 3995 318 4048 fortuna
336 3993 462 4059 abesset,
481 3994 616 4064 ‘pluribus
634 3995 767 4048 continuo
786 3994 889 4056 missis,
919 4001 951 4045 ut
967 4009 1094 4063 magnum
1114 4012 1215 4065 operae

113 4063 234 4132 pretinm
251 4064 376 4128 inciens,
390 4081 459 4118 eum
480 4063 640 4120 advocabat
677 4065 713 4116 At
731 4059 829 4133 scopus
850 4061 961 4134 quidem
973 4063 1032 4114 eius
1047 4065 1077 4114 in
1094 4067 1215 4135 speciem

110 4140 252 4198 ἐτεῇ-σι,
269 4132 315 4186 his
330 4135 486 4188 rationibus
502 4136 544 4188 illi
560 4134 693 4188 honorem
712 4134 959 4204 auctoritatemque
973 4144 1143 4202 compararet
1158 4139 1214 4190 lio·

113 4205 258 4279 nmisque
271 4203 349 4260 velut
366 4213 495 4276 nepotem
514 4206 688 4279 imperatoris
707 4204 852 4259 colendum
873 4201 1128 4276 observandumque
1146 4221 1214 4280 per—
