3114 4930
448 277 731 374 maronianum
760 286 786 348 s.
816 283 867 356 rt
1166 259 1219 374 87

142 431 292 513 βασὶλέως
310 431 423 518 dehere
447 435 633 521 repiremus
657 432 736 522 πρός
756 433 815 522 τὴν
837 437 994 524 ἐπαρχιλιν
1013 437 1363 529 mammaeae-1

140 521 174 614 ἧς
193 531 248 594 καί
260 529 412 617 πρότερον
425 525 521 619 ἦρχε,
552 532 649 600 πάλιν
668 533 934 620 ἐπιτροπεύσοντα
951 536 1111 606 ἐπελθεῖν.
1140 538 1224 622 ddi,

140 627 171 692 ri
191 629 349 712 ἐπίταγμα
371 631 429 696 τοῦ
446 635 601 714 βασιλέως
628 633 887 718 ἐπαγγειλάμενος
906 635 1133 722 eriperes,
1168 635 1260 712 ναόν.
1279 658 1314 729 46

137 729 332 814 προθεσμίαν
349 731 493 816 αἰτηθείς
514 734 570 818 τῆς
583 730 711 817 ἐξόδου,
738 737 796 820 τῆς
813 734 912 820 αὐτῆς
929 733 1066 823 μεγάλης
1081 735 1219 823 ἑβδομά-

121 827 189 901 aar
204 827 409 912 ἐπτηηειλατο
424 828 482 914 τὴν
498 833 596 916 ἓντην.
622 829 700 918 πρός
720 835 781 915 μὲν
800 829 840 919 dr}
859 829 914 900 τόν
932 835 1142 924 πρεσβύτερον
1155 838 1219 904 τάν

136 926 289 1003 βασιλέων
307 929 441 992 τοιαῦτα
460 921 547 1024 εἶπόν
559 953 594 994 τε
608 929 664 995 καί
679 930 910 1017 ἐπηγγειλανεο.

212 1021 257 1106 ιή.
297 1025 358 1100 Εἰς
377 1021 493 1092 ταότόν
513 1028 550 1092 δὲ
569 1027 773 1106 συνελθόντες
793 1033 838 1119 τῷ
856 1032 935 1122 νέιρ,
955 1029 1130 1100 raduine
1150 1036 1253 1120 διη-Ρ.
1270 1044 1308 1106 67

135 1117 303 1205 γησάμενοι
323 1121 365 1189 τά
385 1124 585 1208 συμπεσόντα
592 1179 604 1210 ,
641 1123 748 1196 οιῗιιότι
766 1132 873 1214 μένειν
892 1131 1011 1214 ἐδόκει,
1050 1131 1132 1200 sitta
1160 1159 1222 1200 ποι-

137 1228 434 1336 ραρνευασαμένοος
453 1227 594 1306 ἐξελθεῖν
613 1227 800 1308 Βυξαντιόυ.
819 1227 983 1320 γράφουσι
1002 1227 1041 1316 δὴ
1063 1230 1119 1298 καί
1136 1236 1223 1319 Συρ-

106 1341 259 1431 ιογιαννη,
297 1327 622 1409 παρασκευασάμενον
650 1323 718 1410 ἅμα
745 1332 784 1417 τῇ
811 1329 868 1398 ἐπ’
898 1323 999 1397 αότόν
1026 1333 1157 1420 στρατιᾷ
1184 1333 1223 1418 τῇ

134 1423 224 1504 εοριῇ
250 1421 311 1486 τοῦ
339 1419 449 1506 πάσχα
477 1423 568 1507 ἐγγός
596 1420 768 1512 εόρεθῆναι
798 1427 1004 1514 διατρίβοντα
1030 1428 1223 1508 Βυζαντίου·

134 1512 198 1580 τότε
216 1516 278 1604 γάρ
305 1521 493 1620 καίαέτοῖς
513 1525 658 1589 ἐδίδοντο
679 1527 828 1605 ἐξελθεῖν.
857 1517 948 1592 οὗτοι
966 1527 1025 1610 μὲν
1045 1517 1104 1594 οὖν
1123 1551 1222 1616 παρε·

132 1613 321 1695 σκευάζοντα
349 1617 427 1706 πρὸς
446 1617 505 1705 τὴν
525 1619 644 1701 ἐξοάον.
672 1627 730 1710 τῆς
756 1626 893 1710 μεγάλης
921 1626 958 1692 δέ
985 1622 1246 1713 ναεαλαβοόσηςΒ

134 1711 303 1801 δευτέρας,
335 1722 411 1784 καθ’
431 1713 472 1804 ἢν
499 1718 634 1806 όμέγας
660 1725 844 1810 δομέστικος
862 1725 920 1808 τῆς
938 1719 1059 1801 πόλεως
1079 1723 1221 1810 ἐπηγγεί-

103 1813 204 1877 ι5λατο
223 1816 386 1900 ἐξελθεῖν,
413 1811 603 1902 ἠναγκάζετο
622 1824 684 1904 μὲν
703 1818 789 1909 παρά
809 1823 871 1887 τῶν
892 1821 938 1897 εἰς
957 1824 1052 1888 τοῦτο
1073 1826 1221 1906 τεταγμέ-

132 1934 190 1980 νων
214 1911 272 1999 τὴν
292 1912 467 1999 ὑπόσχεσιν
485 1921 674 2005 ἐκπληροῦν·
694 1914 712 1984 ό
730 1922 761 1985 δ’
780 1917 885 1999 αἰτίας
904 1916 995 1995 τινάς
1014 1918 1223 2005 πλασάμενος,

131 2011 183 2097 την
206 2010 319 2094 ἐξοδόν
338 2015 536 2100 άνεβάλλετο.
566 2021 608 2105 τῇ
629 2021 660 2084 d'
682 2017 815 2108 ἐπιοόση
835 2018 992 2106 μηνόεται
1020 2015 1108 2105 παρά
1129 2025 1223 2103 βασι-

133 2117 207 2190 λέως
226 2111 271 2192 οός
291 2115 434 2200 τάχιστα
455 2118 605 2197 ἐξελθεῖν·
634 2113 652 2184 ό
672 2121 703 2183 d'
718 2117 906 2206 άπειιρίνατο
925 2115 971 2204 μη
991 2116 1145 2205 πρότερον
1166 2117 1224 2184 ti-

131 2219 266 2298 ναοθαι,
288 2218 368 2300 πρίν
388 2210 426 2280 ἐν
446 2213 486 2282 τά
506 2215 658 2302 χρήματα
676 2219 759 2307 δοθῇ
777 2215 856 2304 πρός
875 2209 986 2302 αότόν,
1018 2211 1065 2296 οἷς
1086 2210 1126 2284 άν
1146 2215 1224 2303 πρός

100 2333 163 2376 τοτε
183 2311 218 2378 τό
245 2311 482 2401 μιαθοφοριιέόν
512 2314 670 2402 χρήσηται
708 2321 765 2408 τῆς
788 2317 938 2403 στρατιάς
967 2317 1024 2381 καί
1057 2313 1138 2402 πρός
1165 2312 1224 2391 τάς

132 2412 192 2476 τεόν
211 2412 385 2498 πολιχνίων
409 2417 474 2479 ταῖν
494 2416 529 2480 ἐν
553 2415 710 2506 Θετταλίᾳ
732 2414 889 2502 φρουράς.
928 2416 959 2481 εἰ
977 2412 1038 2501 γάρ
1059 2417 1153 2482 τοῦτο
1170 2416 1222 2498 γί-

132 2532 227 2596 νοιτο,
258 2509 423 2596 μηδεμίαν
444 2507 604 2598 ἀναβολὴν
622 2511 667 2579 ἐπ’
687 2509 768 2580 εἶναι
790 2511 869 2601 πρός
888 2509 923 2578 τό
942 2515 1057 2596 τειχῶν
1075 2508 1137 2590 ἔξω
1157 2515 1221 2578 τεόν

131 2611 316 2688 Βυζαντίων
337 2612 382 2686 εἰς
401 2611 460 2696 την
489 2614 643 2678 ἐπιοῦσαν
663 2611 817 2700 όφθῆναι.
838 2609 879 2676 τό
900 2613 961 2693 μὲν
980 2603 1039 2677 ode
1057 2609 1247 2697 χρήματα,(;

132 2712 284 2789 βασιλέως
306 2711 536 2798 προστάξαντος
543 2763 552 2793 ,
581 2707 766 2798 αὐθημερόν
785 2713 948 2797 παρέσχον
968 2709 997 2778 οἱ
1017 2711 1080 2776 τῶν
1095 2715 1221 2794 βασιλι-

200 2817 239 2870 13.
258 2817 325 2868 Post
342 2814 470 2886 μεγάλης
490 2813 521 2868 ot
539 2815 595 2868 Et).
611 2817 640 2870 P.
658 2813 723 2868 addi
740 2816 800 2867 vult
815 2811 983 2888 ἑβδομάδος.

136 2913 241 2983 dieitur,
260 2917 461 2971 hebdomadis:
480 2935 513 2972 oo
531 2919 680 2988 imperator
694 2924 839 2970 contentus
853 2916 937 2968 siluit
965 2914 1068 2968 Eadem
1081 2915 1142 2966 λοσε
1154 2931 1220 2984 pro-

132 2991 257 3042 tostrator
270 3006 382 3059 quoque
398 2987 546 3058 Prillapum
558 2990 621 3050 ire,
641 2995 670 3038 et
685 2987 884 3056 praefecturam
897 2987 998 3038 iterum
1019 3003 1049 3038 ea
1087 2999 1159 3036 ssere
1176 2985 1221 3036 in-

133 3053 218 3110 betur.
257 3059 317 3127 Qui
331 3060 582 3127 obtemperaturum
598 3075 626 3109 se
638 3058 801 3126 pollicitos,
817 3065 846 3108 et
858 3073 913 3126 quo
931 3054 978 3106 die
994 3071 1043 3122 pro
1064 3054 1129 3106 cirri
1146 3055 1222 3122 cogi-

132 3137 201 3180 raret
215 3131 410 3200 interrogatus,
428 3138 534 3184 sentum
547 3129 606 3180 eius
615 3125 797 3180 hebdomadis
813 3125 974 3180 nominarit
991 3125 1030 3179 Δο
1044 3141 1106 3178 eum
1112 3124 1220 3177 seniore

134 3198 241 3265 quidem
259 3201 425 3270 imperatore
436 3202 475 3252 sie
495 3207 617 3268 egerunt

199 3273 238 3328 18.
279 3270 347 3323 Cum
363 3272 472 3323 iuniore
498 3277 589 3322 autem
610 3267 694 3322 rerba
711 3267 873 3331 miscentes,
900 3281 1026 3338 praeque
1051 3264 1216 3319 neeidissent

132 3351 383 3406 commemorantes,
411 3341 573 3411 comparatis
590 3340 766 3404 necessariis,
790 3339 920 3407 Byzantio
940 3335 1071 3403 excedere
1087 3336 1217 3390 decreve-

133 3419 199 3461 runt
234 3415 353 3466 Monent
365 3413 431 3464 item
450 3429 500 3480 per
517 3412 622 3464 litteras
637 3411 830 3482 Syrgiannem,
848 3408 891 3462 uti
905 3423 967 3461 cnm
980 3423 1030 3460 suo
1046 3409 1154 3477 agmine
1169 3405 1215 3460 die

119 3481 258 3546 ,pascham
285 3499 339 3553 quo
354 3482 399 3534 die
416 3482 508 3552 egredi
525 3485 699 3552 pepigerant,
724 3489 833 3551 paratus
854 3495 940 3549 prope
954 3479 1112 3544 Byzantium
1136 3475 1216 3530 adsit

132 3547 171 3600 Ad
187 3552 384 3622 egrediendum
397 3553 480 3623 igitur
491 3569 549 3604 sese
564 3552 745 3605 instruebant.
780 3551 927 3620 Postquam
941 3548 1011 3601 alter
1032 3547 1090 3601 dies
1106 3563 1218 3618 magnae

132 3615 307 3676 hebdomadis
328 3623 434 3687 illuxit,
461 3641 516 3694 quo
534 3639 645 3694 magnur
667 3621 832 3675 domesticus
851 3621 987 3672 exiturum
1013 3632 1072 3670 sese
1096 3634 1218 3688 spopon-

133 3686 219 3757 derat,
236 3695 327 3747 ncrius
342 3697 474 3763 promissa
490 3703 653 3764 reposcunt,
670 3711 739 3764 qnos
759 3691 825 3744 huie
839 3707 918 3743 curae
935 3691 1083 3758 imperator
1098 3703 1217 3756 praepo-

133 3773 226 3823 suerat,
263 3765 315 3818 lile
330 3765 525 3817 commentitiis
542 3763 706 3834 quibusdam
728 3763 816 3822 causis
836 3762 941 3812 exitum
957 3758 1054 3810 differt.
1083 3756 1217 3825 Sequenti

133 3827 203 3896 lure,
222 3837 265 3887 uti
280 3851 368 3888 moras
384 3836 465 3887 tollat
481 3843 511 3886 et
526 3845 619 3896 exeat,
638 3836 794 3902 imperatur.
830 3828 1003 3899 Respondet,
1030 3843 1087 3880 non
1105 3833 1169 3876 ante
1187 3823 1216 3876 id

133 3917 220 3967 posse,
241 3921 323 3977 quarn
361 3907 457 3957 eeuuia
473 3905 526 3956 sibi
538 3906 568 3956 in
583 3903 721 3974 stipendia
733 3901 961 3955 mercenariorum
974 3913 1006 3948 ae
1023 3895 1216 3966 praesidiaria-

134 3987 187 4023 rum
201 3993 250 4044 per
267 3922 368 4046 oppido
382 3974 539 4028 Thessaliae
556 3983 716 4044 praestetur.
752 3971 784 4023 ld
807 3970 829 4022 si
851 3971 907 4032 srat,
926 3968 992 4019 eitra
1013 3965 1215 4048 tergiversatio·

134 4057 192 4094 nem
205 4045 338 4114 postridie
361 4053 436 4096 extra
452 4045 561 4096 moenia
584 4063 613 4097 se
635 4045 826 4113 appariturum.
864 4038 1008 4091 Fecundam
1032 4051 1066 4088 eo
1085 4035 1145 4104 ipso
1167 4033 1214 4086 dre

133 4111 397 4186 iussuimpemtoris,
415 4115 613 4186 quinquaginta
629 4131 768 4167 nummum
788 4125 931 4162 aureorum
944 4106 1043 4189 miliia,
1058 4111 1214 4175 quaestores

132 4195 279 4246 tuumne.
316 4185 407 4258 Quam
428 4201 560 4240 summam
582 4187 748 4256 arripientes
770 4181 861 4252 magni
886 4177 1027 4258 domestici
1048 4183 1213 4248 quaestores,
