3128 4922
340 311 396 398 36
744 325 1026 400 essetecum

191 504 253 562 ic·
264 491 502 579 ιλιοκηδοστὴν.
516 489 547 554 ’ὅ
557 485 761 576 ’πρεσβευτὴς
777 487 813 550 di·
836 481 976 568 μοναχός
990 475 1046 567 ἦν,
1075 478 1267 552 Καλλίνικος
1286 473 1437 557 κεκλημέ-

339 615 403 675 νος,
432 592 468 658 τὸ
484 595 573 677 γένος
592 591 653 672 μὲν
677 585 735 652 καί
764 586 860 664 αὐτὸς
887 579 1053 670 Τριβαλὸς,
1078 567 1116 641 εὖ
1139 577 1174 642 ti
1198 573 1292 652 atstaig
1316 577 1437 657 καιροῖς

339 691 396 757 κάτ’
417 691 581 780 πράγμασι
603 693 770 764 πολιτικοῖς
800 687 946 771 χρῆσθαι
971 683 1015 744 δι’
1044 679 1222 763 ἐμπειράιν.
1252 670 1286 752 ὃς
1314 665 1354 758 δὴ
1380 668 1438 754 τὴν

337 789 457 874 μεταξὺ
481 793 544 856 τῶν
562 791 719 873 βασιλέων
737 779 964 872 ἀναφυομένην
993 779 1104 846 στάσιν
1123 775 1169 862 μὴ
1190 768 1355 860 ἀγνοήσας,
1383 767 1441 834 καί

338 889 488 973 συνιδών,
507 883 551 966 σάς
567 888 588 973 ἢ
604 889 734 972 τοιαάτη
752 885 938 968 διχοστασιλι
955 877 1066 966 καιρὸν
1084 870 1124 942 ἀν
1141 875 1290 962 παράσχῃ
1306 873 1351 962 τῷ
1366 865 1458 958 ίιλίῳὸ

308 987 480 1078 (ἱδεσπάτη
501 985 588 1074 παρά
613 985 768 1070 βασιλέως
789 975 834 1050 ὧν
857 982 984 1068 η’(λίκητο
1006 975 1081 1066 περί
1100 971 1159 1062 τὴν
1177 971 1327 1062 στρατιάν
1350 971 1441 1045 δίκας

340 1092 469 1172 λαβεῖν,
483 1083 633 1170 Ιἐβούλετο
649 1081 759 1172 κρύφα
777 1085 822 1172 τῷ
840 1085 899 1171 sip
920 1085 1050 1164 βασιλεῖ
1060 1083 1239 1160 συντυχεῖν,

253 1195 286 1252 V.
296 1213 328 1251 as
412 1185 445 1272 ἡ.
469 1185 512 1251 Τὸ
529 1189 560 1250 d’
571 1179 651 1250 αάτό
667 1183 722 1250 καί
735 1181 887 1268 βασιλεύς
902 1178 1001 1260 deice
1017 1178 1079 1246 σάν
1092 1173 1265 1264 δομεστάιρ
1282 1171 1327 1262 τῷ
1343 1173 1442 1255 μεγά-

340 1291 387 1376 λιρ
413 1291 586 1351 λυσιτελεῖν
616 1284 728 1361 αάτοῖς
750 1283 942 1369 ἡγησάμενοι
974 1278 1052 1366 πρὸς
1079 1275 1279 1362 τόνΚράλην
1309 1274 1441 1356 διαπρε-

341 1386 544 1466 σβεύσασθαι
567 1381 643 1471 περὶ
658 1380 863 1466 σνμμαχάις,
897 1380 954 1446 τὸν
978 1377 1170 1445 Καλλίνικον
1187 1369 1483 1457 aunacharius-¹0

302 1487 384 1549 ΰνοι
408 1482 464 1549 καί
489 1481 563 1570 περὶ
584 1483 642 1568 τῆς
664 1483 723 1548 τοῦ
746 1479 862 1569 Κράλη
893 1475 1080 1562 συμμαχίας
1104 1473 1160 1540 καὶ
1189 1471 1298 1561 φιλίας
1333 1472 1440 1534 διολε-

335 1585 468 1664 χθέντες
495 1581 552 1648 καί
578 1580 743 1658 πείσαντες
761 1581 797 1644 ἐκ
820 1581 879 1644 cod
907 1579 1025 1668 ῥᾴστου
1051 1575 1105 1640 διά
1125 1572 1161 1639 τὸ
1180 1573 1237 1638 καί
1259 1565 1357 1636 αάτὸν
1381 1565 1441 1651 τὴν

335 1680 509 1768 πρεσβείαν
526 1683 646 1765 ταύτην
660 1682 704 1772 τῷ
721 1679 835 1767 Κράλη
851 1682 988 1761 νομίζειν
1002 1671 1191 1755 λυσιτελεῖν,
1211 1665 1314 1747 ἀλλους
1337 1673 1374 1734 θ’
1392 1663 1442 1732 iss

335 1780 393 1846 καί
407 1781 486 1868 πρὸς
503 1779 698 1867 Συργιάννην
715 1779 803 1869 crispi
817 1778 925 1867 φιλίας
945 1779 1082 1862 ἐνέχυρα
1106 1771 1162 1838 καί
1179 1767 1330 1858 πρότερον
1347 1759 1440 1852 ἦσαν,

337 1879 629 1960 ἐξαποστέλλουσιν.
661 1877 679 1944 ὃ
703 1882 739 1944 δὲ
763 1875 888 1967 σποάδη
905 1874 961 1942 καί
985 1874 1149 1963 προθυμίᾳ
1171 1875 1268 1958 πολλῇ
1284 1868 1343 1954 τὴν
1363 1865 1481 1934 totvm

337 1983 477 2064 τάχιρτα
495 1978 650 2056 διανύσας
658 2030 667 2061 ,
701 1977 747 2067 regi
765 1976 882 2067 Κράλη
897 1999 930 2041 τι
953 1973 1195 2060 συγγενόμενος,
1218 1969 1275 2036 καί
1296 1968 1356 2054 τὴν
1379 1968 1437 2032 τοῦ

336 2081 410 2146 νίσυ
428 2080 583 2162 βασιλέως
608 2072 797 2162 ἀπαγγείλας
816 2073 1003 2162 πρεσβεάιν,
1028 2066 1103 2160 εὗρε
1127 2071 1183 2137 καί
1205 2065 1307 2136 odedu
1328 2061 1434 2152 decep

338 2179 471 2263 ἕρμαιον
493 2174 689 2261 ἡγησάμενον
716 2173 774 2241 τὸν
799 2173 930 2261 καιρὸν,
966 2172 1022 2237 καί
1044 2172 1144 2239 παντί
1171 2173 1279 2238 σθένει
1306 2188 1437 2249 συμμα.

249 2293 276 2348 Ρ.
294 2291 331 2351 20
339 2273 452 2360 χήσειν
479 2275 733 2357 ὑπισχνούμενον
757 2276 802 2362 τῷ
817 2276 876 2361 rip
905 2277 1049 2357 βασιλεῖ,
1088 2269 1168 2358 πρὸς
1193 2271 1238 2360 τρῖ
1264 2266 1320 2333 καί
1340 2262 1439 2350 χάριν

338 2373 458 2438 εἰδέναι
469 2425 479 2456 ,
507 2373 538 2438 εί
562 2369 659 2456 μόνον
681 2374 738 2438 τοῦ
758 2373 887 2438 πάππου
911 2370 1140 2454 saltuositer
1166 2363 1325 2448 ἀποστάς,
1356 2360 1480 2450 πρόςπο

337 2482 403 2550 τοῖς
425 2477 537 2560 μέρεσι
563 2475 683 2558 γίνοιτο
704 2471 928 2549 Mandanes·
961 2463 1042 2564 ρῖετσ
1066 2468 1127 2558 γάρ
1157 2468 1217 2554 τήν
1241 2465 1318 2554 πρὸς
1336 2459 1438 2528 αάτόν

339 2571 531 2656 συμμαχίαν
563 2569 700 2639 κάκωσιν
729 2568 813 2638 εἶναι
844 2575 910 2638 τῶν
940 2575 999 2636 τοῦ
1023 2573 1178 2657 κηδεστοῦ
1203 2569 1259 2634 καὶ
1281 2567 1438 2650 βασιλέως

338 2670 542 2758 πραγμάτων.
569 2671 677 2755 λαβών
696 2671 803 2737 τοίνυν
820 2671 1040 2747 ὄΚαλλίνικσς
1057 2669 1114 2747 τάς
1130 2666 1335 2752 ἐπαγγελίας,
1359 2667 1437 2732 ἐπά-

336 2794 418 2838 νεισι
443 2769 523 2858 πρὸς
544 2769 580 2836 τὸ
602 2769 782 2852 Βυζάντιον
808 2769 890 2836 κατά
916 2773 1015 2854 τάχος
1038 2768 1095 2836 καὶ
1113 2769 1239 2855 χαίρων
1262 2762 1374 2855 ὀφθείς
1393 2767 1439 2855 τῷ

336 2875 464 2955 βασιλεῖ
475 2871 623 2958 χαίροντι
640 2871 811 2956 ἀπήγγελλέ
827 2895 861 2936 τε
880 2871 922 2936 τά
932 2873 988 2956 τῆς
1004 2868 1190 2958 πρεσβείας,
1218 2866 1274 2934 κατ’
1286 2861 1437 2954 τηνσυμ.

335 3011 396 3046 cum
413 3011 470 3048 nou
491 2995 561 3048 male
578 2995 722 3050 didicisset
736 2998 778 3049 uti
797 2996 996 3060 occasionibus,
1018 2997 1092 3048 etin
1111 2975 1193 3048 rebus
1208 2994 1337 3048 civilibus
1354 2995 1436 3048 tritus

334 3075 421 3130 esset,
444 3077 565 3120 exortam
585 3077 727 3137 practerea
743 3073 816 3123 iuter
832 3070 1008 3138 imperatores
1028 3066 1191 3119 discordiam
1210 3083 1266 3118 non
1283 3067 1436 3136 ignormet,

333 3145 417 3206 atque
441 3140 524 3189 etiam
550 3141 736 3208 prospiceret,
765 3139 835 3190 hauc
856 3139 1054 3190 dissensionem
1074 3137 1186 3190 domine
1210 3153 1259 3190 suo
1282 3153 1435 3206 peroppor-

334 3214 427 3258 tunam
452 3209 510 3259 iore
531 3209 565 3260 ad
585 3209 851 3261 animadvertendam
871 3211 900 3262 in
920 3225 1014 3262 socero
1034 3217 1146 3278 propter
1169 3209 1271 3259 milites
1288 3208 1436 3271 iniuriam,

333 3293 394 3328 curn
407 3279 515 3330 iuniore
527 3281 690 3347 imperatore
700 3280 901 3332 clandestinum
916 3281 1004 3332 voluit
1015 3281 1087 3332 inire
1103 3279 1279 3348 colloquium.

404 3349 428 3399 8·
465 3347 490 3399 ls
506 3357 534 3400 et
547 3365 657 3418 magnus
670 3349 835 3403 domesticus
853 3367 911 3402 ere
926 3369 974 3402 sua
988 3351 1111 3404 futurum
1130 3353 1298 3412 statuentes',
1318 3349 1341 3400 si
1358 3347 1434 3418 legs·

331 3421 437 3471 tionem
451 3417 485 3470 de
500 3419 623 3472 coeundo
637 3437 727 3472 secum
747 3422 817 3473 belli
829 3423 959 3474 societate
970 3421 1004 3472 ad
1020 3421 1124 3472 Cralem
1137 3421 1293 3483 mitterent,
1317 3418 1435 3472 Callini-

332 3505 393 3541 cum
407 3499 587 3552 arcessentes,
613 3501 715 3545 etcum
734 3493 830 3544 eodem
848 3491 1019 3543 deamicitia
1042 3500 1070 3543 et
1085 3490 1197 3542 foedere
1213 3506 1273 3542 cum
1290 3489 1367 3542 Crale
1389 3492 1434 3542 in·

332 3559 424 3612 essndo
443 3559 620 3614 disserentes:
649 3563 785 3632 facileque
798 3562 904 3614 homiui
923 3561 1136 3623 consumentes,
1159 3561 1234 3631 qnod
1256 3561 1362 3629 etipse
1381 3558 1435 3614 hoe

333 3630 405 3682 Graii
423 3631 619 3684 conducturum
632 3635 756 3696 sentiret,
774 3635 924 3684 tumetium
938 3631 1014 3702 quod
1024 3641 1102 3686 retus
1116 3635 1143 3684 ei
1154 3649 1215 3684 euru
1224 3633 1433 3700 Syrgianneue-
1543 3679 1544 3684 ,

332 3701 472 3753 certitudo
489 3711 576 3764 esset,
601 3702 718 3774 legatum
730 3718 792 3754 euru
811 3705 933 3755 mittunt
970 3701 1043 3773 Qui,
1058 3703 1235 3756 festinatione
1255 3712 1283 3754 et
1294 3701 1433 3754 alacritate

331 3774 400 3824 mire
415 3773 555 3826 'celerrime
571 3775 696 3826 consecto
714 3774 824 3836 itinere,
840 3791 900 3826 cum
917 3772 995 3831 Crale
1014 3790 1185 3844 congressus,
1204 3773 1371 3844 legationem
1387 3773 1432 3824 iu·

331 3845 418 3910 uioris
432 3844 603 3913 imperatoris
620 3846 741 3914 exponit
780 3845 830 3896 Ille
845 3843 974 3896 similiter
987 3844 1021 3896 de
1039 3843 1129 3896 oblata
1144 3843 1346 3906 commoditate,
1362 3852 1432 3896 mm-

332 3913 467 3984 quamde
487 3915 673 3984 inexspectato
694 3915 785 3978 lucro,
811 3915 926 3985 gaudet,
946 3917 1043 3984 gratias
1074 3917 1186 3984 insuper
1213 3916 1270 3985 agit
1295 3922 1377 3983 utque
1397 3911 1433 3966 ad

331 3992 462 4054 nepotem
475 3985 657 4036 adiuvandum
673 3986 744 4036 vires
761 4002 822 4037 suas
834 4002 927 4040 omncs
940 3986 1072 4055 spondet,
1098 3985 1244 4038 dummodo
1264 3983 1299 4036 sb
1317 3999 1366 4036 aro
1386 4001 1431 4036 re·

330 4063 440 4116 motus,
463 4049 750 4108 iurnttaeatonisn
778 4056 933 4108 consideat:
969 4058 1009 4108 sle
1032 4058 1106 4108 euim
1128 4057 1334 4125 expeditionem
1355 4071 1431 4113 suam

330 4125 501 4178 auxiliarium
519 4126 606 4178 soceri
622 4125 703 4177 rebus
718 4127 872 4178 damnosam
888 4127 947 4179 fore
964 4126 1125 4179 confidebat
1162 4127 1230 4181 Cum
1248 4126 1297 4180 tali
1317 4125 1429 4194 pollici·

330 4195 437 4247 tatione
456 4195 604 4248 Callinicus
619 4197 723 4266 maguis
742 4198 889 4250 itineribus
904 4199 1063 4265 Byzantium
1083 4213 1111 4248 se
1127 4199 1242 4267 recipit,
1261 4211 1429 4248 successum·

331 4279 387 4341 que
399 4257 544 4337 legationis
554 4283 619 4322 suae
631 4266 705 4324 laete
720 4269 879 4341 imperatori
892 4269 978 4323 lautus
988 4268 1130 4322 edisserit:
1151 4275 1250 4323 certam
1269 4283 1328 4321 esse
1341 4265 1428 4322 Cralis
