3128 4922
329 266 437 330 xxxu
754 267 780 326 ι.
812 261 990 356 rouraur

329 419 471 506 parebas.
510 419 617 504 Atque
629 417 688 482 boo
701 419 825 502 quidem
837 441 895 506 pm
916 417 1416 506 riumestmagnilogotbetsomi·
1460 451 1478 506 χ

327 505 497 566 nisterium.
539 503 632 582 Quod
645 515 746 566 autem
759 503 799 566 ad
810 525 877 568 rem
889 441 1104 584 domesticam,
1118 506 1212 588 ipsim
1226 516 1272 568 est
1285 503 1415 584 efficere,

328 587 413 671 quod
433 589 597 669 imperator
616 587 815 648 mandaverit.
857 585 987 648 Addunt
999 585 1052 646 alii
1064 608 1128 648 esse
1141 589 1231 649 etiam
1245 587 1418 649 libellorum

328 671 518 753 magistrum,
533 667 648 732 arcbiv'i
664 670 860 752 praesectum,
882 679 935 730 aut
951 667 1012 730 tale
1026 672 1194 752 quippiam.
1235 665 1419 751 Aoyoda'rpc

328 757 487 835 exponitur
508 774 527 813 a
548 753 729 836 quibrmdam
748 755 889 836 magister
909 754 1078 830 rationum,
1099 756 1153 835 qui
1168 775 1310 836 expensae
1326 763 1356 814 et
1375 773 1419 813 re·

329 836 411 899 ditus
439 846 618 919 computat,
640 857 822 898 oeconomus
849 839 915 900 sive
941 846 1141 922 procurator,
1170 837 1254 920 quod
1275 853 1419 919 magnum

328 931 393 981 erat
408 919 540 982 officium
560 931 591 982 et
607 918 776 1001 politicum.

411 1001 593 1084 Λογοθέτης
606 1001 666 1064 τοῦ
678 1001 915 1086 στρατιωτικοῦ,
935 1001 1108 1084 logotheta
1124 1003 1309 1076 castrensia,
1321 999 1419 1064 zatt-

330 1087 475 1158 mairter‚
494 1085 770 1170 Psennigmaister,
792 1085 907 1148 Galbae
923 1085 1111 1148 Threeorier
1124 1084 1168 1146 du
1181 1106 1283 1169 camp.

412 1165 650 1248 Καβαλλᾰριος,
672 1167 879 1231 Caballariua.
920 1163 1148 1248 Καβαλλάριον
1169 1179 1338 1250 equestrem
1359 1167 1420 1228 im·

327 1253 475 1333 paratoria
491 1253 667 1314 comitatum
682 1253 819 1312 nominat
831 1249 1024 1336 Curopalata.
1064 1250 1112 1312 Ex
1126 1249 1230 1312 ltalioo
1242 1250 1332 1312 dueta
1347 1271 1420 1332 vox,

328 1335 738 1478 fflpdaaliallafimdlqce
749 1336 896 1479 piraeplqvit.
948 1333 1047 1396 Huius
1066 1354 1137 1417 ergo
1156 1335 1316 1398 comitatus
1331 1354 1421 1417 prae-

552 1437 633 1478 aruu
679 1439 707 1478 cr
725 1436 757 1478 vr
849 1459 859 1480 .

410 1497 525 1580 Μέγας
538 1493 700 1578 uenulae,
720 1501 855 1582 Magnas
873 1500 1031 1584 Puppim,
1072 1497 1190 1579 idest,
1211 1521 1338 1586 magnus
1362 1519 1420 1582 pa·

327 1580 474 1659 torculos,
494 1603 630 1644 summus
648 1580 699 1644 ille
710 1582 813 1663 iudex,
832 1582 873 1644 ad
890 1604 982 1666 quem
997 1586 1279 1645 commentarienses
1295 1583 1334 1644 de
1355 1603 1422 1666 per·

327 1667 412 1728 eonis
433 1685 554 1726 reorum
573 1675 605 1727 et
617 1684 757 1747 numero,
775 1664 814 1728 de
829 1663 973 1749 qualitate
984 1663 1176 1747 delictorum,
1197 1665 1235 1727 de
1249 1665 1422 1728 clausorum

327 1747 486 1814 ordinibus
506 1747 618 1810 referre
645 1746 769 1810 debent.
818 1747 855 1811 ln
871 1749 951 1811 bano
979 1750 1158 1810 sententiam
1173 1751 1288 1831 aooipio
1308 1769 1422 1810 nomen

326 1830 444 1914 Papiae
459 1831 542 1914 apud
551 1831 714 1912 Zonaram,
723 1831 778 1893 ubi
795 1830 835 1894 de
851 1853 888 1894 eo
904 1833 1016 1916 agitur,
1036 1833 1091 1914 qui
1107 1829 1248 1894 Miebaeli
1262 1831 1357 1894 Balbo
1371 1831 1422 1894 ed·

327 1915 410 2012 ititqr
425 1913 495 1997 suit,
516 1923 553 1976 ut
568 1915 704 1982 Leonem
721 1913 893 1980 Amanum
915 1912 1055 1978 emedio
1084 1911 1206 1978 tolleret
1233 1916 1422 2002 imperioque

326 2007 489 2081 mareau.
736 2073 744 2097 .

410 2078 527 2160 Mirus
547 2077 847 2163 πρατοπεδαρχης,
867 2081 1004 2162 Magnas
1027 2092 1206 2145 carnorum
1228 2076 1422 2164 praefectus.

328 2160 387 2226 Eat
409 2173 531 2226 curator
549 2183 656 2226 earum
673 2184 788 2242 rerum,
809 2185 888 2248 quae
905 2167 1047 2226 exercitari
1071 2174 1145 2226 sunt
1170 2183 1260 2247 opus,
1280 2161 1423 2226 videlieet

329 2245 554 2330 alimentorum,
573 2248 843 2309 instrumentomm
861 2255 893 2308 et
905 2248 1141 2310 necessariorum
1155 2248 1312 2325 omnium,
1337 2242 1424 2308 Pro.

328 2327 568 2392 oimtdmaa'ster.
596 2329 767 2413 Exponitur
782 2331 884 2408 etiam,
904 2333 1045 2414 princeps
1060 2329 1218 2408 exanime,
1232 2339 1268 2390 ut
1283 2331 1323 2392 sit
1339 2327 1424 2391 idem

329 2411 413 2496 quod
432 2407 665 2498 στρατιάρχηςε
679 2433 759 2475 ¹uam
783 2407 992 2497 asportandos
1017 2412 1181 2498 aliquando
1201 2432 1259 2498 pro
1285 2405 1422 2496 στρατὸς

370 2497 464 2558 nitur·
1033 2539 1038 2546 ¹

328 2515 370 2676 {⁰
411 2574 687 2662 Πρωταλογάτωρ,
710 2577 858 2644 Summus
875 2577 1013 2663 equitum
1026 2575 1218 2664 praefectur.
1240 2576 1422 2641 Voceenim

328 2661 444 2743 aloyov
479 2663 587 2724 Graeci
612 2663 794 2726 recentiores
880 2683 934 2724 um
962 2673 1017 2724 aut
1037 2663 1207 2724 iumentum
1232 2661 1424 2744 significant,

327 2742 408 2806 iacta
428 2765 463 2808 ex
480 2739 616 2826 ἅλόκου,
637 2765 658 2806 a
681 2745 815 2808 verboh
848 2767 907 2825 ac,
928 2743 1011 2828 quod
1036 2743 1231 2808 orientalibus
1247 2754 1330 2822 erat,
1353 2745 1424 2806 iret

328 2826 401 2910 quia
418 2829 565 2888 maximus
579 2836 610 2888 et
626 2831 806 2913 praecipuus
819 2829 1023 2890 iumentorum
1037 2847 1110 2890 usus
1125 2828 1165 2890 ad
1179 2827 1424 2890 commoditatem

327 2910 484 2974 it'memm.
536 2909 656 2972 Turcee
677 2914 768 2974 etiam
791 2909 883 2972 hodie
901 2913 1044 2972 nuntium
1070 2931 1124 2972 seu
1154 2912 1301 2974 viatorem
1322 2908 1424 2993 appel·

327 2991 393 3056 lant
412 2993 515 3060 tuac.
556 2991 604 3056 Ex
618 2989 735 3056 atam
751 2994 843 3078 igitur
860 2981 984 3072 ἄλογον,
1005 2992 1038 3054 ia
1057 3005 1113 3071 est,
1132 2991 1269 3075 aruum,
1290 2996 1359 3056 sae
1370 2991 1423 3069 ἐξ-

328 3070 410 3156 οχὴν
428 3079 598 3143 iumentum
619 3087 674 3137 aut
689 3097 804 3160 equus,
825 3085 861 3136 ut
877 3075 945 3136 Itali
960 3076 1077 3154 dicunt,
1097 3075 1131 3136 la
1150 3077 1250 3140 bestia
1265 3077 1343 3158 mia,
1363 3095 1421 3159 pro

328 3179 427 3240 aqum
444 3182 541 3224 meus.
582 3159 630 3220 Ex
654 3149 713 3222 ἅλ’
734 3178 770 3220 ov
788 3158 823 3220 fit
846 3152 991 3240 ἀλόγων,
1021 3160 1171 3242 equitatus
1193 3179 1247 3222 seu
1272 3157 1422 3241 equanam

329 3243 673 3387 equimqare'numenu.
741 3241 889 3304 reelcotus
906 3231 1078 3328 diaycirupe
1097 3261 1234 3306 mmmus
1251 3243 1421 3330 praefecum

328 3345 353 3384 π
401 3347 440 3387 τα
497 3347 534 3387 os
583 3367 593 3386 .
796 3346 798 3350 ·

354 3344 400 3407 lm
413 3343 703 3488 Σεβοιγιστῗὲράτωρ,
731 3403 1038 3490 Augmtimperator.
1093 3407 1197 3472 Tertia
1224 3407 1353 3493 dignitas
1381 3407 1423 3470 ab

328 3493 522 3575 imperatore,
544 3485 723 3551 Caesariana
739 3491 949 3572 praestantior.
980 3492 1065 3553 Dum
1082 3494 1246 3576 imperator
1260 3487 1422 3574 βασιλεὺς,

328 3566 497 3656 vedantia,
520 3572 652 3656 Καῖσαρ
669 3571 767 3634 dietus
785 3580 842 3652 est,
862 3593 926 3634 uno
944 3573 1111 3660 eodemque
1123 3597 1227 3638 omnes
1241 3575 1297 3636 hos
1316 3573 1422 3636 titulos

329 3658 502 3737 obtinente,
532 3655 692 3740 dignitates
713 3653 819 3718 officiis
850 3676 886 3718 ac
916 3677 979 3720 non
1011 3659 1107 3722 tibilis
1138 3662 1309 3721 aestimatae
1337 3666 1421 3719 sunt.

327 3743 439 3804 Postea
458 3759 532 3802 vero
559 3740 755 3821 imperatores
779 3738 916 3802 lusemnt
942 3740 1050 3822 titulis,
1069 3753 1100 3804 et
1120 3739 1280 3804 honoraria
1297 3739 1423 3823 dignita·

327 3835 395 3889 tum
407 3826 532 3885 uomina
548 3823 613 3884 sine
630 3817 736 3884 officiis
753 3824 896 3908 impertiti
916 3838 988 3887 sunt
999 3826 1145 3887 arbitratu
1163 3845 1230 3902 suo,
1244 3833 1280 3883 ut
1291 3821 1423 3906 Cui-opa-

328 3906 390 3970 lata
412 3907 460 3968 bis
489 3907 591 3969 verbis
613 3903 770 3970 declarat:
814 3901 1421 3990 Despota,Sebastocrator,Caesa1-ad

328 3989 448 4057 nullum
465 3990 665 4052 ministerium
681 3997 834 4070 tenentur,
856 3993 914 4053 uisi
928 3990 968 4053 ad
989 4012 1141 4053 summum
1169 3987 1300 4072 aliquem
1314 3987 1424 4072 princi·

324 4085 434 4160 patum
447 4074 654 4154 insumantur,
668 4084 743 4154 puta
760 4083 814 4135 aut
828 4073 960 4156 regendo
970 4075 1013 4135 im
1068 4077 1108 4150 ὀ,
1123 4071 1314 4156 autgerendo
1326 4069 1420 4132 bello:

329 4153 609 4250 cuiusreiexempla
621 4155 780 4248 mutapud
788 4155 994 4245 Nicephorum
1030 4177 1268 4243 regoramquam
1280 4153 1423 4252 plurimu.
