3074 4946
361 291 364 300 =
430 223 716 324 ursaonraamu
749 260 789 324 u.
812 265 862 331 ια
1087 231 1171 322 385

82 415 162 479 σθαι
183 411 221 478 δέ
241 409 337 478 atriu
366 417 430 492 τοϊς
454 417 655 496 μαινομένοις
681 415 914 502 προσεοικέναι,
946 412 979 480 ολ
994 417 1074 500 μήτε
1093 415 1303 502 saepimenta

81 503 126 578 ὧν
146 508 283 595 λέγσυόι,
303 509 483 599 μήτεπρὸς
504 509 560 588 uir
581 513 747 578 natuturae
763 511 852 579 ἴσασι
866 509 941 589 τοός
961 511 1082 598 λόγους,
1104 516 1176 581 ἀλλ’
1228 492 1234 512 ’
1297 447 1323 603 ί

80 603 101 699 ᾗ
124 607 165 678 όν
185 609 222 676 τό
246 609 408 692 δαιμόνιον
429 615 545 698 κινοίη,
578 611 768 702 φθέγγονται
790 609 962 698 ἀδιανόητα
981 623 1046 692 τοῖς
1065 618 1176 682 πᾶσιν.

80 709 125 786 οἷς
146 705 187 777 dv
209 712 244 776 δὲ
263 708 342 796 μήθ’
362 707 494 797 ὕστερον
515 705 613 788 αότός
632 737 709 778 ποτε
728 715 811 798 μηδ’
833 710 935 799 ἕτερός
954 737 1003 789 τις
1014 711 1074 799 τὴν
1095 713 1176 800 όλή-

61 817 176 881 5θειαν
197 813 316 876 ἐθέλων
337 811 508 897 οἷφανίζειν
526 811 657 878 δόναιτο
686 816 731 902 τῷ
751 811 866 898 ψεόδει
894 816 1038 901 χρῆσθαι
1057 813 1114 880 κἀί
1132 813 1173 880 τό

77 912 138 978 osia
158 905 236 978 ὄντα
256 916 443 995 λογοποιεῖν,
464 916 577 979 κακίσιν
599 917 696 998 δῆθεν
717 911 979 1001 προοτρηθόμενος
998 914 1076 1000 ἡμίν
1095 939 1178 998 τινα,

77 1011 101 1076 δι’
124 1035 182 1092 μοι
203 1013 286 1075 δοκοῖ
306 1013 445 1095 ποιητέα,
466 1008 530 1095 εἴγε
551 1016 606 1078 καί
625 1005 711 1104 adripi
725 1037 777 1080 σοι
798 1013 974 1093 συνδόξειεν
989 1009 1082 1096 εἶναι,
1103 1017 1275 1102 eputamus

76 1113 120 1196 τῇ
132 1108 204 1200 Χίηι
224 1109 297 1174 νυνί
310 1112 433 1174 πολλῶν
449 1112 704 1196 ἐπιδημούντων,
725 1112 762 1177 οὔ
778 1107 952 1196 Ῥωμαίων
967 1111 1073 1196 μόνον,
1095 1109 1176 1182 oillei

77 1214 138 1276 καί
156 1212 193 1274 έιι
213 1211 245 1275 Γ
243 1209 374 1287 εννοόας
402 1215 459 1276 καί
476 1213 626 1290 Βενυσίας
647 1219 715 1277 κατ’
736 1213 911 1301 ἐμπορίαν,
940 1217 995 1278 καί
1015 1212 1177 1281 Νικολάου

43 1312 242 1376 resonare
263 1312 324 1374 τοό
340 1311 415 1402 ιταῖν
436 1310 618 1378 Κυκλάδων
639 1305 809 1401 ἄρχοντος,
838 1309 874 1388 ig
893 1305 950 1399 ἧκε
970 1311 1046 1380 auaui
1069 1317 1178 1401 φιλίαν

75 1415 114 1477 σέ
135 1407 381 1495 προσκυνήσων,
414 1409 462 1477 ἔτι
488 1413 524 1476 δέ
543 1410 598 1476 καί
618 1415 653 1478 έκ
674 1413 825 1479 Λατίνων
847 1407 1038 1500 όρχιερέως,
1067 1415 1102 1490 ὃς
1120 1413 1178 1500 την

18 1533 19 1538 ’
76 1513 136 1594 τῆς
157 1511 244 1575 Χίου
265 1507 353 1598 παρὰ
376 1513 437 1575 rosi
457 1507 549 1577 πόπα
572 1512 778 1598 ἐπιτέτραπτο
798 1510 988 1596 ἐπισκοπὴν,
1016 1516 1072 1578 καί
1093 1517 1179 1598 Φρε-

78 1608 159 1696 ρίαιν
188 1613 284 1676 τινοῖν
313 1615 389 1676 καθ’
417 1610 581 1699 ἱστορίαν,
616 1614 764 1678 κέλευσον
796 1613 831 1677 ἐκ
861 1611 985 1677 πόντων
1011 1612 1179 1698 ἐκκλησίαν
1268 1631 1272 1636 ’

81 1705 308 1794 ἀθροισθῆναι·
362 1709 488 1776 πόντων
525 1711 561 1776 δέ
591 1707 756 1795 παρόντων
782 1713 934 1794 γενέσθαι
965 1707 1042 1786 τοός
1068 1708 1179 1792 λόγους

47 1806 159 1892 ι5πρός
181 1811 358 1875 Μπενέιον.
378 1804 438 1875 κόν
458 1812 586 1895 δέξηται
610 1809 754 1886 πεισθείς
771 1807 828 1894 τὴν
846 1801 1039 1896 εόεργεσίαν,
1059 1833 1179 1874 παντα-

81 1905 179 1990 χόθεν
199 1901 240 1972 dr
259 1907 329 1994 ἔχοι
348 1913 462 1986 καλῶς·
487 1907 544 1975 triv
561 1911 597 1974 δέ
610 1913 649 1998 τῇ
669 1912 810 1998 προτέρᾳ
830 1906 988 1998 παρανοίφ
1005 1906 1206 1996 χρώμενος,Β

81 2007 143 2072 sair
160 2009 223 2090 μέν
252 2011 286 2074 ἐν
304 2009 418 2097 χερσίν
437 2003 619 2094 όπόσχηται
639 2004 790 2093 όγαθιδν,
820 2011 885 2074 τῶν
915 2009 951 2072 δὲ
971 2006 1053 2093 μήτε
1075 2003 1295 2094 &aarum

76 2106 156 2190 μήτε
177 2107 334 2188 ἐσομένων
354 2106 528 2192 ἐπιθυμοίη
534 2160 545 2190 ,
575 2109 607 2173 τί
635 2107 681 2193 μὴ
703 2105 801 2174 αὐτόν
830 2106 875 2182 οἷς
901 2101 1043 2172 οἷδόνατα
1075 2101 1177 2192 ἀξιοίη

75 2216 189 2306 πεῖσαι
216 2203 436 2292 δυνησόμεθα,
469 2206 551 2273 ἄλλό
580 2209 655 2284 τοός
685 2233 719 2292 γε
747 2205 908 2293 παρόντας
938 2206 975 2270 οδ
1006 2206 1176 2292 μάρτυρας

34 2305 176 2390 αομόνον
197 2307 323 2388 ἕξομεν,
359 2305 441 2372 ἄλλό
470 2306 526 2372 καί
550 2308 692 2395 κήρυκας
711 2309 766 2372 καί
785 2309 844 2393 τῆς
864 2309 921 2393 σῆς
941 2307 1177 2388 καλοκαγαθίας

71 2407 132 2472 καί
154 2408 338 2493 φιλοτιμίαις
357 2409 433 2495 περί
448 2405 508 2484 τός
527 2407 719 2494 εδεργεσίας,
739 2407 886 2492 βασιλεῦ,
908 2409 965 2471 κατ’
982 2406 1037 2492 τῆς
1057 2403 1175 2471 ἐκείνου

149 2559 479 2694 ἑῖἐέἷέῖἰῗέἳῖόῗῖἶ
488 2558 1178 2700 ἷῖῗῖἐέόῖλέέόέέὲἶ·ἷιῗέόλὶέδέρὲἓὲόίῇἶῖἷ

149 2707 195 2752 est
217 2715 271 2752 voa
290 2700 397 2752 Gallica
411 2703 522 2774 frarem
537 2708 616 2753 erant
627 2707 719 2752 autem
735 2701 843 2768 equites
858 2699 1118 2765 Hierosolymitan't,
1135 2704 1178 2748 te·
1280 2709 1283 2717 ’

149 2778 243 2823 stante
258 2771 355 2823 Niceta
371 2787 431 2842 pag.
452 2771 509 2839 ¹4⁵·
527 2773 632 2839 primae
649 2768 796 2822 editionis:
813 2764 889 2840 πρὸς
905 2767 964 2824 τῶν
978 2767 1177 2841 Ἱεροσολυμι-

148 2840 211 2895 τῶν
229 2840 341 2905 λυθεὶς,
352 2841 402 2899 olle
421 2842 679 2930 ψρερίουςιφασίν.
697 2839 759 2892 Eli.
770 2839 801 2891 Ρ.

71 3011 255 3119 cornupetae
271 2995 409 3060 similem,
427 2995 476 3068 qui
491 3009 583 3066 neque
603 2991 689 3068 quid,
715 3007 808 3063 neque
828 2989 903 3060 apud
924 3007 993 3064 quos
1018 2992 1176 3060 loquantur,

69 3087 199 3125 norun:
235 3065 442 3138 sed-quatenus
466 3083 482 3119 a
512 3065 710 3118 cacodaemone
736 3065 927 3133 exagitantur,
962 3061 1176 3130 cogitationibus

67 3139 211 3195 humanis
228 3137 403 3190 abhorrentia
419 3137 556 3190 effutiunt.
592 3137 628 3187 Ut
642 3143 734 3187 autem
750 3135 779 3184 in
801 3139 940 3202 posterum
961 3148 1012 3183 nec
1032 3133 1106 3202 ipse,
1125 3149 1176 3184 nec

67 3213 153 3264 alius
176 3209 320 3261 veritatem
331 3207 474 3260 mendacio
487 3207 631 3258 obscurare
649 3213 734 3277 queat
747 3210 776 3257 et
790 3205 887 3256 inanes
904 3203 1074 3255 comminisci
1095 3202 1176 3254 fabu-

65 3284 139 3343 las,
159 3297 216 3352 quo
234 3277 320 3338 ,nobis
334 3279 427 3332 labem
445 3278 566 3349 aliquam
581 3275 765 3346 improbitatis
785 3275 891 3336 inurat,
923 3291 993 3344 quae
1013 3271 1081 3324 mihi
1097 3272 1176 3326 vide-

66 3361 187 3413 antur,
206 3349 230 3401 si
243 3350 315 3402 forte
331 3349 427 3402 eadem
447 3349 500 3402 tibi
518 3347 725 3416 probabuntur,
752 3345 874 3416 eloquar.
912 3343 986 3414 Quia
1004 3343 1034 3395 in
1053 3359 1182 3414 praesens

67 3441 141 3478 non
159 3421 275 3472 Romani
294 3419 448 3482 dumtaxat,
474 3419 522 3472 sed
542 3427 571 3471 et
589 3418 767 3480 Genuenses,
791 3423 819 3468 et
839 3415 939 3468 Veneti
962 3416 992 3466 in
1019 3411 1071 3465 hac
1087 3415 1180 3465 insula

67 3493 273 3563 negotiantur,
292 3497 321 3543 et
341 3491 473 3545 Nicolaus
490 3489 607 3541 Sanetus
630 3485 778 3555 Cycladum
794 3487 956 3558 praelectus,
974 3483 1023 3556 qui
1039 3485 1178 3536 amicitiae

68 3581 148 3634 ergo
172 3569 201 3614 te
218 3561 365 3627 salutatum
383 3561 473 3614 venit:
497 3561 564 3613 item
575 3576 617 3616 ,ex
632 3558 736 3610 Latinis
752 3559 915 3627 episcopus,
933 3555 978 3609 cui
999 3571 1102 3624 apapa
1114 3553 1179 3607 Chii

67 3633 263 3708 pontificatus
279 3633 438 3686 commissus
454 3637 505 3695 est,
524 3637 552 3684 et
571 3630 678 3700 aliquot
690 3629 794 3680 Milites
808 3627 918 3696 Templi
938 3626 986 3698 qui
998 3633 1096 3677 terram
1109 3619 1183 3676 haue‘

66 3709 204 3760 lustrare
231 3701 361 3769 student3
387 3709 550 3758 conventum
577 3701 703 3752 omuibus
734 3699 794 3751 istis
818 3697 953 3758 indicito,
978 3703 1012 3746 et
1028 3695 1058 3746 in
1084 3712 1179 3747 eorum

66 3773 244 3850 praesentia
260 3772 441 3828 benedictum
459 3771 617 3843 compellari
633 3771 747 3824 iubeto:
768 3768 857 3841 quisi
878 3765 952 3839 quod
972 3769 1069 3827 offers,
1089 3772 1180 3816 muta·

67 3861 126 3903 tus
149 3845 309 3909 admiserit,
332 3845 533 3915 optatissimum
560 3841 706 3894 acciderit:
732 3839 776 3892 sia
801 3839 893 3908 priore
920 3833 1009 3886 adhue
1033 3835 1184 3906 obstrietus¹

70 3917 224 3978 amentia,
242 3929 313 3988 quac
336 3917 367 3967 in
383 3913 511 3967 manibus
524 3911 610 3966 babet
634 3913 707 3965 bona
729 3909 875 3974 abiecerit3
901 3921 970 3976 qaae
991 3912 1081 3974 autem
1101 3905 1181 3956 nulla

69 3995 169 4051 aunt,
188 4001 279 4056 acque
292 3993 387 4050 erunt,
409 3983 594 4054 concupierit,
616 3989 645 4036 et
658 4000 707 4034 nos
726 3982 769 4033 illi
791 3975 873 4031 fidem
888 3975 977 4028 facere
992 3975 1181 4046 nequibimus,

69 4080 111 4116 ea
130 4060 225 4130 ipsum
242 4057 394 4126 postulare,
413 4073 484 4128 quae
502 4055 562 4108 dari
582 4071 639 4107 non
660 4053 779 4124 possint,
795 4057 868 4101 certe
891 4053 1048 4119 praesentes
1068 4044 1185 4116 quidem

68 4147 142 4186 non
158 4128 248 4180 solum
262 4135 366 4190 testes,
383 4141 476 4180 verram
494 4127 577 4178 etiam
591 4124 757 4193 integritatis
774 4127 838 4172 tuac
856 4135 887 4170 ae
902 4115 987 4170 studii
1011 4119 1040 4170 in
1062 4115 1180 4167 benefa-
1219 4143 1222 4148 ·

70 4199 187 4257 ciendo
210 4205 239 4250 et
262 4197 338 4250 illius
352 4198 477 4251 insaniae
498 4211 645 4266 praecones
662 4191 838 4248 babebimus:
866 4195 895 4241 et
919 4186 985 4240 hine
1007 4189 1185 4258 praeeipuam·

159 4303 380 4380 Cantgeuaenas.
947 4288 980 4344 πό
