3074 4934
552 297 660 362 1.th
678 219 730 362 -st
960 221 963 240 ι
1102 277 1187 393 309

118 448 220 502 iuratio.
262 452 421 507 Maiestatis
444 469 462 504 a
489 453 679 524 Zampiacone
705 456 877 520 arcessitus,
898 459 1004 514 crimen
1026 461 1188 536 necotha).

112 519 143 570 la
153 521 417 578 summotliscrimine
431 521 471 574 ad
479 521 702 578 misericordiam
720 522 866 580 domestici
883 529 1023 601 confugit.-
1043 535 1095 605 qui
1105 537 1132 587 ei
1145 537 1190 588 in-

111 603 210 658 gratum
220 594 339 648 animum
355 594 541 666 exprobrans,
558 595 740 678 aliquatenus
762 597 899 650 auxilium
917 605 1055 671 promittit
1069 606 1189 656 stultiti-

111 662 281 732 amquefiscti
294 665 381 734 ipsius
402 666 521 736 apologo
536 663 725 736 fistsoissimo
743 680 809 723 ante
823 671 921 722 oculos
937 672 1092 746 ponit(ab).
1134 675 1188 728 tti-

110 745 187 783 caeae
202 733 235 784 ab
253 735 379 790 Orchane
393 737 480 792 l’ersa
499 735 625 790 obsessae
640 739 836 801 succurritur,
849 757 907 810 pax
926 746 1109 813 componitur.
1145 745 1188 800 De

108 799 254 870 Syrgianne
274 804 409 859 iudicium
435 819 597 860 exercetur.-
614 807 823 878 ampliationem
838 813 926 881 petit:
946 813 1079 868 Galatam
1086 815 1188 886 sugit,

108 869 150 921 sebi
172 869 320 943 diligenter
341 878 504 950 quaesitus,
523 893 582 929 non
603 878 761 930 invenitur.
796 879 866 934 inde
885 881 1040 946 Euboeam,
1059 883 1125 938 inde
1150 884 1191 939 acl

108 941 206 992 Cralem
221 945 290 1008 abit,
310 949 358 1000 cui
374 945 509 1000 adversus
519 947 658 1000 Romanos
671 944 721 999 dat
736 949 920 1022 operam(alp
950 953 1108 1023 Sphranzes
1122 973 1190 1008 con·

105 1020 145 1060 tra
159 1011 339 1084 Syrgiannem
352 1035 381 1070 se
395 1021 561 1088 imperatori
578 1017 669 1091 offert:
687 1021 753 1092 qui,
792 1021 958 1077 uacatione
975 1025 1061 1076 vivus
1073 1041 1108 1076 ac
1126 1027 1187 1081 sine

103 1083 536 1212 ttitt'bbbztt‘sb.²btt‘’
554 1039 921 1232 ‘th‘lh‘22¹2”·s.l}b.⁰itl
932 1093 1187 1218 hll'ilhbis'h'i

102 1219 259 1291 imperatore
273 1231 400 1299 praemio
419 1230 557 1302 afficitur.
595 1231 663 1284 Cum
683 1232 769 1284 Crale
783 1231 938 1286 concordia
952 1235 1126 1298 resarcitur,
1146 1237 1187 1288 ci·

102 1291 195 1347 vitates
215 1297 249 1349 ab
274 1316 308 1352 eo
325 1313 424 1370 captae
447 1298 488 1352 ad
500 1297 586 1372 fidem
601 1295 735 1355 redeunt.-
754 1299 842 1354 eidem
858 1304 997 1358 auxilium
1012 1304 1046 1359 ab
1065 1305 1187 1376 impera-

99 1371 152 1416 tore
162 1367 354 1441 mittitur(ab).
380 1371 489 1440 Regina
500 1371 625 1424 Moesiae
637 1389 690 1442 per
709 1369 780 1424 duos
794 1390 925 1443 proceres
946 1393 1033 1444 regno
1048 1377 1180 1446 exigitur.

97 1432 247 1492 Alexander
260 1439 414 1493 Michaelis
428 1459 463 1497 ea
472 1457 569 1494 sorore
584 1458 669 1512 nepos
683 1459 734 1494 rec
744 1440 921 1512 declaratur‚·
938 1447 991 1517 qui
997 1445 1090 1508 urbes,
1111 1463 1185 1515 quae

95 1504 489 1636 b.'''“b2232‘2'‘1l35i555;l;
502 1513 1187 1655 bittitibist?“bt‘i‘ltstss‘tttit't

95 1641 207 1701 inuadit.
242 1651 307 1704 Part
323 1654 463 1706 sancitur.
497 1653 554 1706 Pro
574 1651 688 1705 urbibus
706 1653 810 1706 ablatis
832 1648 1184 1725 tis'gladiatiojAnchialo

93 1711 239 1787 Diampolis
252 1735 430 1794 permutatur
427 1721 505 1846 526).
547 1721 711 1776 Alexander
732 1722 867 1786 Scythas,
885 1725 941 1777 sibi
956 1727 1066 1778 auxilio
1082 1740 1184 1780 contra

92 1797 212 1852 patruum
229 1795 396 1855 venientes,
448 1795 495 1846 olo
520 1794 553 1846 in
575 1792 711 1845 Romanos
730 1794 815 1845 mittit
838 1793 887 1845 vel
900 1797 1057 1864 praemittit
1078 1799 1183 1864 potius.

91 1857 224 1914 Atraciter
262 1875 394 1932 agnatum
437 1864 653 1916 Matrimonium
669 1881 730 1916 cum
743 1864 844 1916 Maria
863 1865 1042 1932 imperatoris
1052 1866 1124 1934 Js'lia
1140 1867 1183 1918 bis

88 1929 202 1993 petitur,
250 1933 276 1986 is
303 1945 462 1986 recusatur.
498 1930 607 1986 Foedus
629 1933 743 2003 peritur.
782 1933 953 1986 Conuiuium
974 1935 1066 1986 initus·
1094 1949 1122 1988 et
1149 1933 1183 1989 ele

89 2001 248 2057 strenuitate
278 2003 399 2056 Romani
420 2000 653 2062 commendantur
668 2001 734 2073 (27).
777 2003 909 2056 Amorem
939 2005 1040 2058 Ioniae
1065 2018 1183 2075 satrapa

90 2065 232 2124 Thraciam
251 2073 421 2136 incursans,
440 2073 557 2126 illaesus
575 2073 643 2124 abit.
679 2074 783 2124 Senior
795 2075 948 2144 imperator
965 2087 993 2127 et
1003 2086 1093 2126 mater
1107 2075 1185 2128 iuni·

87 2137 140 2190 oris
151 2139 204 2193 hac
222 2145 289 2196 luce
313 2145 346 2196 sie
360 2155 525 2212 unguntur,
544 2141 748 2196 Monomochus
765 2141 929 2199 Thessaliae
942 2144 1117 2216 gubernator
1136 2162 1183 2198 re-

88 2208 176 2263 llllssl.
211 2217 348 2268 Montani
370 2213 500 2268 Thessali
516 2214 685 2284 imperatori
705 2213 822 2266 salutem
839 2212 954 2277 dicunt,
973 2215 1108 2287 obsequio
1128 2233 1182 2268 sua

87 2277 283 2352 titleserentes.
321 2287 389 2338 Cum
409 2285 493 2337 Crale
515 2287 671 2354 imperator
683 2284 794 2356 aliquot
807 2283 867 2338 dies
883 2284 1017 2338 hilariter
1028 2298 1055 2338 et
1066 2287 1099 2336 in
1116 2303 1184 2355 epu·

88 2349 122 2400 lis
140 2356 353 2426 consumitioss).
396 2354 497 2413 lesbus
515 2373 534 2408 a
563 2353 756 2408 Genuensibus
771 2367 944 2422 occupatur.-
971 2373 1004 2409 eo
1029 2357 1183 2424 imperator

85 2435 139 2472 cum
152 2424 241 2478 classe
261 2442 364 2497 magma
379 2442 431 2496 pro
445 2427 583 2478 sciscitur.
614 2427 693 2479 Delii
711 2442 729 2476 a
747 2425 939 2480 lienuensibus
952 2423 1107 2498 dejiciunt:
1128 2441 1182 2481 nec

85 2491 107 2542 ii
129 2509 187 2545 cum
206 2497 342 2550 Romanis
359 2513 411 2550 con
435 2499 511 2568 igere
535 2493 650 2553 audent.
686 2495 827 2550 Pincerna
854 2495 895 2548 ad
912 2497 1072 2564 Mitylenen
1095 2513 1182 2568 oppu-

81 2562 217 2630 gnantiam
232 2567 424 2640 relinqu-itur:
442 2579 534 2620 cetera
549 2564 654 2636 oppida
662 2567 796 2620 Romanis
809 2583 837 2619 se
851 2564 965 2622 dedunt.
988 2567 1094 2620 Contra
1107 2565 1181 2620 Pho·

83 2649 171 2687 taeam
198 2650 226 2689 et
254 2638 413 2704 Mitylenen
434 2639 586 2707 imperator
601 2635 757 2690 Sarchanis
783 2649 916 2707 satrapae
938 2637 1078 2692 auxilium
1096 2639 1182 2689 invo-

82 2715 131 2758 cat.
164 2705 386 2761 Phocaeensium
399 2709 430 2759 in
445 2726 474 2761 se
492 2705 669 2776 dejisndendo
681 2709 851 2760 constantia.
890 2707 958 2760 Tres
970 2707 1031 2777 filii
1046 2719 1179 2778 satrapae

79 2771 173 2830 laniae
197 2779 368 2850 imperatori
382 2776 475 2850 fidem
495 2795 574 2831 suam
601 2777 783 2846 pollicentur.
819 2777 963 2830 Nobilium
990 2777 1179 2830 Romanorum

80 2843 256 2901 claudestina
274 2851 306 2902 in
324 2849 518 2918 imperatorem
529 2845 654 2920 perfidia
664 2845 741 2916 (29):
762 2849 861 2918 ingene
880 2843 969 2901 eidem
987 2865 1004 2898 a
1018 2848 1112 2900 Persis
1125 2865 1180 2898 au·

78 2914 180 2970 silium.
200 2921 306 2989 Magni
319 2919 465 2972 domestici
477 2935 537 2972 cum
551 2919 667 2971 Amurio
680 2917 765 2970 Persa
783 2917 973 2987 collacum,
993 2929 1020 2970 et
1038 2917 1177 2986 epulatio,

79 2997 102 3036 t!
116 3003 255 3057 quantum
267 2993 365 3059 gratia
380 2985 459 3060 apud
470 3007 530 3041 eum
540 2990 674 3059 potuerit.
710 2989 885 3042 Domesticus
901 2987 1021 3039 amicum
1037 2983 1177 3056 quendam

80 3056 247 3113 Genuensem
260 3059 302 3113 ad
312 3059 527 3114 tabernaculum
540 3075 619 3110 suum
638 3059 764 3119 inuitat,
785 3059 833 3112 cui
844 3057 989 3110 Phocaeae
1003 3054 1177 3110 deditionem

76 3130 184 3200 egregia
204 3131 339 3185 oratione
355 3127 529 3200 suabetso).
565 3128 618 3180 ille
635 3126 669 3180 tle
685 3145 800 3180 suorum
816 3127 1007 3180 obstinatione
1024 3127 1188 3196 conspueri-¹

77 3207 134 3259 tur,
153 3203 305 3254 consilium
322 3203 422 3271 poscit.
457 3201 581 3268 Magnus
591 3197 757 3252 domesticus
775 3211 877 3252 auctor
888 3209 940 3260 est,
955 3197 991 3248 ab
1006 3199 1175 3268 imperatore

76 3271 186 3324 veniam
203 3285 308 3338 orent.,·
328 3273 428 3326 Persas
441 3269 550 3326 obsides
561 3272 590 3324 ei
598 3268 706 3323 donent
713 3291 724 3336 ,·
735 3269 891 3323 Phocaeam
903 3281 929 3322 et
940 3268 1099 3334 Mitylenen
1108 3263 1177 3336 red:

73 3335 156 3392 dant.-
175 3344 265 3395 multo
278 3343 342 3395 item
358 3343 432 3394 bona
442 3352 599 3402 enumerat,
616 3341 718 3412 quibus
738 3340 772 3393 ab
789 3357 823 3396 eo
840 3337 989 3412 afficiendi
1000 3339 1065 3390 sint.
1090 3336 1175 3391 llrbes

73 3425 131 3460 cum
147 3411 292 3466 obsidibus
309 3411 477 3475 redduntur,
493 3413 535 3464 ita
552 3411 654 3465 Lesbus
671 3412 808 3483 recipitur
817 3411 884 3481 (³1).
920 3410 1027 3463 Albani
1041 3408 1175 3462 turnultu-

73 3493 167 3545 antur,
189 3482 358 3536 civitatibus
372 3481 523 3536 vicinisde
543 3481 722 3553 epulationes
739 3481 879 3554 inserunt,
898 3479 1050 3533 domantur
1061 3481 1175 3531 immen-

71 3568 156 3622 saque
169 3553 282 3624 praeda
299 3556 472 3624 congeritur.
529 3570 685 3606 carmanum
698 3569 846 3625 procerum
864 3550 899 3606 de
914 3553 1083 3674 inperatore
1098 3550 1173 3602 reci-

70 3619 171 3688 piendo
190 3622 408 3694 disseminas).-
427 3624 545 3696 regs'nae
556 3625 696 3676 sententia
713 3623 896 3694 approbatur.
961 3641 975 3676 e
990 3622 1099 3692 nuptiis
1112 3636 1173 3672 cuns

69 3693 198 3764 principe
209 3693 368 3764 Nicephoro
378 3707 405 3748 et
416 3691 561 3748 domestici
560 3693 633 3767 filio
654 3696 809 3750 assentitur
821 3694 978 3764 imperator
985 3711 997 3758 ,-
1013 3691 1173 3744 libertatem

78 3777 168 3831 negat.
206 3763 335 3817 Dedisse
349 3767 503 3836 provincia
516 3761 997 3836 imperatorisquemansuetudinem
1013 3779 1047 3815 ac
1068 3759 1173 3828 benefi-

73 3835 194 3886 centiam
210 3834 474 3888 commemorabilem
484 3835 636 3905 experitur.
672 3835 745 3888 Puer
759 3833 933 3904 Nicephorus
947 3851 965 3884 a
978 3825 1175 3885 malevolisosl

71 3897 214 3956 dominam
234 3907 352 3960 Tarenti
370 3907 551 3976 transfertur.
586 3904 675 3959 liebus
693 3903 843 3977 confectis,
861 3905 1016 3974 imperator
1024 3899 1172 3954 thessalo·

72 3973 164 4026 nicam
188 3973 271 4029 redit.
310 3975 473 4030 Alexander
498 3993 549 4029 rec
571 3978 731 4030 Moesorum
754 3975 838 4046 supei
855 3973 1034 4026 matrimonio
1062 3971 1171 4038 legatos

70 4046 170 4106 mittit,
189 4047 239 4100 cui
251 4050 382 4120 quamvis
397 4047 536 4110 barbaro,
552 4046 662 4117 publici
675 4064 761 4100 causa
776 4041 911 4099 commodi
919 4042 1013 4115 filiam
1029 4057 1108 4094 suam
1122 4036 1172 4092 sle·

69 4113 264 4186 spondaeos).
301 4120 401 4172 Persae
415 4131 545 4188 raptores
562 4133 579 4168 a
597 4115 746 4170 domnico
765 4129 795 4170 et
808 4116 976 4188 imperatore
997 4107 1170 4171 caeduntur,

70 4186 237 4254 capiuntur,
263 4202 394 4256 agantur.
416 4189 585 4257 Nuptiarum
598 4185 676 4258 opud
686 4185 894 4256 Adrianopolin
909 4184 1066 4240 celebritas.
1083 4182 1171 4240 Acare

69 4273 177 4312 »sanum
193 4255 228 4311 sle
242 4258 326 4320 ectio.
360 4257 536 4330 Nicephorus
553 4275 571 4312 o
586 4257 737 4316 rebellibus
752 4259 889 4328 repetitur
907 4267 993 4328 atque
1018 4271 1037 4306 a
1059 4251 1170 4310 Taren-
