3128 4922
547 327 787 410 intersum
1160 353 1228 420 χιχ

123 489 218 594 band
245 511 327 578 leves
346 501 542 599 perpessum,
576 514 687 578 eruditi
712 499 777 578 non
794 507 961 584 cadmo
988 515 1146 587 Addamus
1168 519 1227 586 boc

124 635 187 699 pru
205 611 384 680 corollario.
425 614 600 678 Gennenscs
635 623 668 678 et
697 615 807 680 Veneti
833 615 931 682 multa
954 615 1004 683 laio
1024 619 1064 684 ab
1084 621 1152 685 aliis
1176 622 1226 685 bi-

124 715 253 776 storicis
273 715 337 776 suis
356 715 588 798 praetermissa,
621 723 675 778 aut
693 735 851 800 nimquam
867 719 989 803 cognita
1008 719 1226 804 demaion'bua

124 813 213 891 suis,
253 833 422 895 eorumque
442 817 556 876 virtute
599 821 631 875 et
665 812 751 876 factis
775 812 893 900 legere,
921 827 953 880 ct
978 820 1128 905 medam
1149 821 1226 886 falso

125 906 165 974 de
185 909 300 973 iisdem
325 911 471 975 hactenus
493 915 605 996 scripta
630 912 857 998 deprehudere
874 926 1027 1001 poterunt.

211 1019 342 1097 Restat,
364 1025 399 1076 ut
414 1033 493 1097 quae
509 1034 566 1076 nos
587 1012 638 1077 vel
660 1017 883 1100 praestitimus,
910 1017 961 1080 vel
975 1027 1129 1104 praestare
1149 1041 1225 1084 son.

125 1117 304 1204 tendimus,
325 1116 503 1180 indicemus.
545 1115 582 1176 In
601 1115 829 1199 interpretando
849 1135 917 1180 eam
940 1121 1071 1201 speciem
1093 1139 1152 1202 pro
1171 1141 1224 1182 ca·

125 1229 183 1304 ptu
204 1229 315 1280 nostru
338 1217 501 1278 consectati
527 1235 652 1298 mmus,
681 1235 774 1302 mam
797 1237 834 1279 ex
857 1237 964 1280 eorum
989 1214 1138 1299 lectione,
1169 1219 1224 1304 qui

126 1315 165 1380 de
181 1319 303 1402 optimo
325 1335 435 1401 genere
453 1315 672 1399 interpretandi
694 1328 925 1402 praeceperunt,
946 1315 1157 1401 bonorumque
1174 1321 1224 1380 in·

125 1425 298 1500 terpretum
321 1415 533 1479 observatione
553 1423 655 1478 mente
684 1427 863 1500 conceptam
905 1428 997 1502 atque
1028 1416 1224 1480 infonnatam

126 1515 328 1578 tenebamme
362 1535 442 1599 quae
470 1513 639 1578 ctdnsmodl
669 1517 729 1596 sit,
768 1515 1009 1602 iipotissimurn
1036 1515 1222 1602 intelligsmt,

128 1637 260 1699 quorum
279 1613 431 1678 industria
450 1614 484 1677 in
507 1613 615 1677 εοάεαι
636 1615 791 1678 ωπίωΙο
811 1637 845 1681 se
863 1615 1027 1699 aliquando
1048 1615 1221 1702 explicavit.

129 1715 270 1777 codicem
285 1733 435 1799 perquam
457 1714 658 1794 mendosum,
690 1713 830 1798 maleque
850 1717 1077 1801 interpunctum
1102 1717 1221 1800 accepi·

131 1835 220 1876 muse
239 1826 276 1876 nt
289 1815 428 1876 divinare
457 1825 488 1878 et
502 1817 653 1877 coniicere
668 1814 844 1900 frequenter
863 1819 1045 1900 oportuerit.
1086 1806 1238 1878 Nomitm'

131 1911 285 1992 locorum,
305 1933 383 1998 quae
403 1933 461 1976 nec
479 1909 727 1997 diligentissimus
750 1909 888 1976 Ortelius
908 1917 1012 1977 omnia
1033 1913 1167 1998 collegit,
1189 1925 1222 1978 et

138 2029 335 2092 personarum,
347 2033 428 2097 quae
441 2013 492 2076 vel
507 2011 635 2074 Graecia
650 2015 711 2074 iam
724 2010 864 2074 occidens
878 2021 910 2074 et
931 2011 1219 2095 fladopflupopdrp,

139 2107 186 2170 vel
206 2109 391 2175 librariomm
420 2113 579 2175 oscitantia
602 2110 809 2196 depravarat,
845 2109 962 2174 alimabi'
984 2110 1024 2174 de
1042 2113 1219 2172 coniectura

137 2209 364 2296 mendavimus,
385 2211 475 2294 (nam
490 2213 543 2296 qui
558 2214 695 2274 omnium
709 2229 815 2276 reram
835 2219 1059 2295 et‘germanam
1086 2211 1219 2293 scriptu·

131 2327 193 2372 ram
213 2313 410 2375 coniectando
432 2315 527 2396 possit
548 2312 687 2396 assequi,
727 2333 784 2397 ego
804 2311 929 2396 quidem
946 2309 1217 2392 lirmmmffopinor

130 2413 297 2495 neminem)
312 2415 422 2476 omissa
440 2409 593 2496 quaedam
605 2411 833 2496 supplevimus:
857 2413 889 2472 in
904 2409 1038 2493 singulos
1052 2408 1147 2472 libros
1161 2429 1217 2492 ρο·

127 2511 242 2574 riochas
269 2533 325 2576 seu
348 2514 494 2596 epitomas
515 2513 769 2596 conscripsimus,
790 2531 867 2595 quas
889 2521 920 2572 et
943 2507 1060 2571 lecturo
1080 2509 1120 2570 ad
1134 2525 1215 2589 rspo-

126 2603 338 2694 ααρασκευῆν,
359 2613 432 2676 etei
447 2614 500 2697 qui
515 2613 576 2675 iam
590 2611 676 2695 legit,
698 2607 738 2672 ad
753 2601 1030 2694 ἀνακεφαλαίωσιν
1044 2607 1135 2670 utiles
1149 2607 1215 2669 sore

124 2709 317 2774 confidimus:
352 2711 465 2774 relictis
496 2711 680 2774 sectionibus
703 2711 798 2794 (quas
826 2711 859 2770 in
884 2707 1038 2793 plerisque
1058 2705 1214 2769 codicibus

124 2807 184 2871 slve
203 2811 320 2874 scribas
354 2814 418 2875 sive
439 2812 584 2890 lectores;
606 2829 670 2872 nou
690 2811 772 2893 ipsos
801 2819 939 2871 auctores
966 2809 1149 2890 excogitasse
1183 2813 1216 2867 et

122 2907 293 2973 adhibuisse
306 2911 393 2993 reor)
413 2911 496 2995 quod
511 2909 604 2972 modo
616 2911 708 2972 nimis
722 2908 868 2987 crebrae,
891 2905 984 2968 modo
1005 2906 1097 2966 nimis
1111 2923 1213 2982 rarae,

120 3011 237 3092 saepius
250 3022 463 3096 argumentum
484 3011 536 3074 vix
548 3029 584 3072 ex
597 3011 709 3071 triente
728 3004 1031 3090 comprehenderent,
1052 3005 1085 3062 in
1099 3003 1212 3082 capita,

119 3125 202 3172 more
214 3111 411 3193 Latinomm,
425 3120 525 3172 totum
539 3127 651 3192 corpus
663 3107 841 3186 divisimus,
861 3113 897 3166 ut
910 3112 1060 3186 quantum
1082 3101 1213 3162 maximo

117 3227 286 3292 possemus,
304 3209 411 3274 lectori
424 3210 526 3274 lumen
539 3205 827 3293 praepanderemus.
860 3203 958 3264 Locos
971 3199 1088 3285 aliquot
1099 3221 1211 3285 parum

117 3329 225 3392 anos,
247 3315 409 3396 praetextis
423 3315 456 3373 iu
470 3315 537 3396 ipso
558 3319 699 3372 conserta
712 3302 1037 3384 animadversionibus,
1059 3303 1209 3388 perebiu-

116 3407 234 3493 iimus3
263 3433 340 3496 quas
355 3411 478 3496 quidem
499 3422 607 3496 rogatu
621 3417 726 3471 nosbn
747 3403 877 3468 Iacobus
891 3405 1074 3482 Gretserus,
1104 3403 1208 3464 Socie-

116 3517 185 3578 tatis
200 3526 324 3578 noemae
344 3512 537 3597 Theologns,
559 3521 591 3574 et
609 3512 643 3573 in
657 3505 823 3570 Academia
846 3502 1070 3589 ingolstadiana
1090 3501 1209 3585 profes·

117 3633 166 3676 sor
179 3615 376 3694 ordinarius,
403 3613 592 3695 conscripsit.
632 3609 676 3671 Et
697 3608 774 3671 haec
788 3604 935 3685 lecimus,
966 3597 1065 3686 magis
1085 3611 1121 3664 nt
1135 3621 1209 3664 can*

117 3709 224 3778 dorem
236 3727 375 3777 noenum
388 3711 477 3776 bonis
490 3711 565 3774 viris
579 3707 790 3794 probaremus,
804 3723 898 3790 qnam
912 3702 995 3788 quod
1008 3701 1074 3782 illa,
1090 3701 1208 3786 qualia

116 3831 239 3898 cumque
252 3825 341 3894 sunt,
362 3813 421 3875 hoc
440 3811 563 3897 quidem
578 3807 721 3887 saeculo,
749 3816 780 3868 et
800 3807 834 3866 in
858 3804 906 3866 his
926 3803 1016 3866 terris
1038 3799 1078 3863 ad
1098 3819 1208 3882 quem·

117 3935 212 3998 quarn
243 3913 435 3976 inficiendum
470 3909 759 3995 depmvandumquc
792 3905 925 3967 valitura
963 3900 1206 3965 fonuidaremus.

119 4013 195 4094 Quis
209 4017 291 4078 enim
304 4017 420 4093 nescit,
449 4013 540 4075 edam
555 4013 608 4096 qui
626 4009 742 4072 litteras
756 4025 819 4067 non
840 4003 959 4082 didicit,
979 4015 1043 4062 noa
1059 4010 1128 4061 tum
1141 4001 1208 4084 pria

119 4131 222 4196 mum,
248 4114 456 4199 propendente
471 4111 583 4176 scilicet
603 4113 664 4172 iam
678 4107 718 4170 sd
732 4123 873 4168 occasum
886 4099 1040 4184 imperio,
1058 4097 1113 4194 sed
1125 4098 1207 4160 mul-

118 4213 156 4278 tis
168 4227 241 4280 ante
255 4233 407 4279 morum
420 4213 586 4296 centtuiis,
606 4228 703 4297 paens
722 4216 792 4292 post
811 4199 1092 4288 octingentesimum
1104 4199 1206 4264 statim
