3128 4922
481 317 483 322 ·
585 289 826 365 emitto.
1066 311 1071 322 ·
1177 307 1249 370 xxi

138 443 334 550 mutamus,
373 455 523 554 Origenes
550 479 581 533 et
601 468 808 538 Tertullianus
837 471 943 557 quales
959 455 1250 548 'tandem'iaernntt

139 569 270 633 Nonne
298 588 405 632 eorum
440 569 579 633 haereses
613 579 738 636 extant?
794 573 949 638 Fmamtur
979 575 1251 640 demonstrationes

139 671 351 754 evangelicae
377 669 503 733 Eusebii
528 669 704 755 Pamphili,
734 675 900 758 inquibus
924 687 1048 760 aperte,
1077 686 1108 738 et
1131 679 1249 758 saepius

138 762 335 852 dptavlijer,
360 770 444 853 qnod
467 771 656 834 doctissimus
670 772 775 835 Billins
797 773 1042 836 observationum
1062 775 1118 837 lib.
1145 795 1254 858 neap«

139 889 193 953 ²7·
206 869 310 953 plane
336 891 372 932 ac
394 871 505 932 diserte
528 871 669 942 ostendit,
710 863 794 952 Quid
812 874 1082 938 demonstrationes
1095 874 1249 959 evangeli-

140 976 225 1032 cae?
271 970 384 1034 Statim
398 975 430 1032 in
453 975 519 1053 ipso
534 975 684 1056 principio
705 974 921 1037 aeclesiasticae
941 978 1005 1037 eius
1020 975 1163 1038 historiae
1176 979 1249 1058 (quo
1273 1047 1281 1060 x

140 1081 355 1134 monumento
375 1071 452 1133 nunt
475 1071 623 1135 babemus
651 1075 683 1136 in
711 1073 866 1159 republica
892 1075 1065 1138 Christiana
1092 1073 1249 1157 illustrius)

142 1167 349 1234 Arianisrnos
374 1171 490 1256 aliquot
518 1171 661 1237 observat
685 1186 771 1236 tomo
794 1178 885 1238 tertio
910 1174 1077 1236 Annalium
1104 1175 1248 1236 Zonaras.

143 1265 229 1331 Sunt
243 1272 281 1331 in
301 1271 444 1334 manibus
466 1285 663 1338 monumenta
684 1274 806 1356 Pharii,
834 1287 905 1336 sunt
927 1274 1082 1338 Theodori
1093 1274 1248 1336 Ralsamo-

143 1367 221 1450 nis,
256 1371 313 1454 qui
336 1373 481 1451 Latinos,
506 1383 542 1434 ut
565 1373 825 1456 pestilentissimus
849 1375 1076 1454 schismaticus,
1104 1375 1250 1437 conviciis

144 1471 266 1549 passim
280 1469 405 1534 lacerat.
444 1473 579 1536 Eosdem
593 1474 634 1535 ob
646 1478 868 1557 processionem
891 1477 986 1538 saneti
999 1476 1129 1557 Spiritus
1148 1475 1248 1557 exagi-

146 1575 195 1628 tat
208 1571 303 1632 etiam
321 1570 433 1634 nobilis
452 1573 532 1634 inter
544 1573 701 1660 theologos
718 1585 819 1663 patras
833 1574 1080 1659 Theophylaetus
1090 1573 1249 1658 bulgariae

149 1669 333 1754 episcopus,
362 1681 414 1751 et,
443 1674 530 1735 euius
545 1675 682 1737 similiter
702 1695 847 1759 magnum
868 1675 949 1736 inter
966 1695 1068 1736 saeros
1087 1676 1249 1756 scriptores

151 1785 266 1833 nornen
291 1781 359 1852 est,
388 1771 585 1858 Euthymius.
638 1773 769 1837 Possum
794 1775 894 1837 adhue
912 1775 1072 1836 nominare
1094 1771 1248 1854 homilias,

158 1877 192 1927 et
207 1867 266 1932 alin
278 1873 391 1954 scripta
411 1872 620 1936 huiuscemodi
638 1875 810 1954 hominum,
837 1895 916 1958 qnae
935 1879 969 1936 in
983 1875 1127 1934 Latinum
1147 1885 1247 1934 mans-

162 1961 383 2053 latnteguntur,
412 1983 443 2034 et
455 1973 495 2034 ab
509 1973 637 2036 eruditis
656 1973 864 2057 proferuntur.
904 1973 937 2034 Si
950 1995 1022 2057 ergo
1036 1995 1092 2034 nec
1110 1975 1248 2056 superio-

162 2083 230 2128 rum
241 2067 401 2152 historiae,
426 2093 483 2134 nec
497 2075 626 2134 istomm
646 2075 856 2136 commentarii
875 2073 1021 2135 hactenus
1036 2071 1178 2134 eoeledae
1198 2073 1246 2132 in-

159 2170 404 2234 oomodamnts
426 2173 502 2256 quin
515 2175 617 2256 potius
629 2173 723 2258 (quod
736 2193 785 2236 res
797 2173 924 2246 clamat)
939 2175 1051 2234 mirum
1066 2173 1098 2232 in
1121 2171 1247 2232 modum

155 2267 409 2356 vehementerque
429 2273 681 2354 commodarunt,
710 2295 750 2336 na
773 2273 1015 2334 aCantacuzeno
1034 2271 1157 2356 quidem
1180 2291 1247 2332 ma-

155 2370 200 2449 gis
211 2369 358 2433 mmnum
376 2371 475 2434 ullum
495 2373 714 2452 metuendum,
741 2395 834 2456 quam
854 2373 983 2452 fluetus,
1007 2375 1094 2454 isque
1106 2393 1167 2432 non
1183 2391 1247 2432 rne-

153 2464 283 2551 diocris,
305 2481 343 2533 ut
357 2493 394 2534 ex
408 2471 655 2534 antecedentibus
669 2474 781 2555 patuit,
807 2471 1023 2556 exspectandus
1037 2479 1092 2532 est.
1132 2471 1247 2531 Rerum

152 2579 305 2649 gestarum
341 2593 377 2633 ac
398 2573 600 2634 vetustiorum
633 2581 807 2654 temporum
839 2569 965 2649 utilern‚
990 2572 1249 2651 necessariamque

154 2672 359 2752 cogniuonem
388 2673 599 2754 persequimur
620 2681 651 2732 et
673 2673 875 2756 inquirimusr
905 2670 1026 2753 siquid
1048 2667 1201 2730 interdum
1215 2671 1249 2728 in

150 2766 187 2828 iis
200 2773 304 2832 minus
325 2771 567 2834 commendabile
588 2773 781 2855 aspergitur,
803 2770 836 2831 id
857 2781 923 2832 tota
940 2781 1045 2832 mente
1072 2787 1249 2832 aversamur

150 2877 243 2950 atque
255 2871 429 2932 reiicimuss
460 2881 490 2932 et
513 2870 631 2932 calamo
649 2873 760 2949 etiarm
785 2891 856 2931 cum
877 2880 923 2930 est
940 2871 1082 2949 oooasio,
1107 2878 1250 2934 notamus

150 2979 244 3052 atque
264 2970 467 3034 confodimus.
509 2971 574 3032 Neo
598 2991 673 3032 vero
694 2971 734 3032 ab
756 2970 815 3030 boc
835 2979 959 3030 auctore
978 2979 1083 3028 nostro
1105 2964 1251 3026 ecelesiae

147 3065 330 3150 Romanae,
360 3081 414 3131 aut
433 3071 572 3131 Romano
592 3069 727 3152 pontifici
743 3066 943 3128 contumeliae
960 3065 1125 3147 dicuntur,
1155 3077 1248 3146 quent

146 3181 283 3251 patrem,
307 3171 529 3232 sanctissimum
551 3169 723 3246 dominum,
750 3177 804 3229 tua
824 3167 986 3246 sanctitas,
1017 3175 1072 3226 tua
1091 3163 1248 3226 beatitudo

148 3282 261 3332 vocate
285 3281 316 3331 et
330 3281 365 3330 ut
379 3270 461 3352 apud
476 3291 546 3332 aum
559 3269 703 3351 opinione
722 3265 804 3329 mals
821 3287 863 3328 ne
879 3268 930 3344 sit,
954 3263 1089 3328 elaborat
1102 3266 1113 3346 (
1121 3275 1248 3347 propter

145 3363 320 3451 barbarus,
341 3371 460 3432 'furcas
481 3369 643 3448 videlieet,
668 3370 702 3430 in
723 3366 868 3432 auxilium
883 3369 1061 3443 accersitos,
1081 3375 1247 3426 vastatam-

147 3463 210 3550 que
222 3469 306 3531 bello
320 3469 402 3531 civili
414 3469 628 3552 provinciam,)
648 3489 719 3530 cum
733 3488 769 3530 eo
783 3489 870 3530 aram
883 3466 1027 3528 adversus
1042 3463 1176 3526 infideles
1189 3484 1247 3546 pro

149 3567 249 3650 gloria
272 3572 371 3630 crucis
393 3569 506 3632 Christi
529 3573 711 3652 coniungere
734 3569 839 3650 eupit:
873 3569 938 3628 eius
957 3565 1162 3626 laudationem
1189 3561 1247 3624 sibi

152 3667 340 3751 amplissimo
359 3669 470 3732 honori
488 3669 590 3732 ducit:
617 3669 731 3752 legatos
750 3669 847 3750 ipsius
864 3666 995 3748 benigne
1013 3666 1144 3747 excipite
1175 3683 1247 3722 earn

154 3767 274 3847 eodem,
294 3769 450 3830 Clemente
465 3771 610 3830 nirnirum
630 3766 702 3847 VL,
724 3767 762 3828 de
785 3764 903 3850 synodo
923 3761 1084 3842 habenda,
1112 3760 1246 3822 redinte-

151 3869 330 3952 grandaque
355 3868 549 3930 ecelesiarum
570 3867 732 3930 eoncordia
756 3865 882 3928 sollicite
910 3885 946 3924 ae
976 3871 1150 3924 reverenter
1172 3860 1246 3942 agit.
1294 3891 1297 3896 ·

149 3964 234 4048 Non,
256 3970 404 4052 inquam,
433 3967 486 4028 hic
510 3969 623 4051 probra
646 3965 849 4032 etmsledicts
862 3966 1035 4026 iaciunturr
1060 3959 1112 4022 sed
1130 3959 1246 4022 dissen-
1358 3967 1361 3978 '

151 4066 195 4131 sio
224 4089 260 4134 ao
276 4068 437 4132 dissidium
457 4066 536 4132 illud
548 4091 568 4132 n
580 4067 670 4134 nobis
680 4068 819 4148 Latinis,
833 4065 894 4128 iam
915 4063 1007 4148 lippis
1023 4073 1055 4124 et
1074 4061 1250 4124 tonsoribus
1273 4073 1276 4084 ’
