<?xml version="1.0" encoding="UTF-8"?>
<!DOCTYPE html PUBLIC "-//W3C//DTD XHTML 1.0 Transitional//EN"
    "http://www.w3.org/TR/xhtml1/DTD/xhtml1-transitional.dtd">
<html xmlns="http://www.w3.org/1999/xhtml" xml:lang="en" lang="en">
 <head>
  <title>
</title>
<meta http-equiv="Content-Type" content="text/html;charset=utf-8" />
  <meta name='ocr-system' content='tesseract 3.04.00' />
  <meta name='ocr-capabilities' content='ocr_page ocr_carea ocr_par ocr_line ocrx_word'/>
</head>
<body>
  <div class='ocr_page' id='page_1' title='image "./ioanniscantacuz01niebgoog_0357.png"; bbox 0 0 3074 4934; ppageno 0'>
   <div class='ocr_carea' id='block_1_1' title="bbox 315 249 1009 358">
    <p class='ocr_par' dir='ltr' id='par_1_1' title="bbox 315 249 1009 358">
     <span class='ocr_line' id='line_1_1' title="bbox 315 249 1009 358; baseline 0.001 -5"><span class='ocrx_word' id='word_1_1' title='bbox 315 265 401 353; x_wconf 81' lang='lat'><strong>316</strong></span> <span class='ocrx_word' id='word_1_2' title='bbox 653 249 658 258; x_wconf 40' lang='lat'>⁵</span> <span class='ocrx_word' id='word_1_3' title='bbox 726 288 1009 358; x_wconf 72' lang='lat' dir='ltr'><strong>camlcuzeui</strong></span> 
     </span>
    </p>
   </div>
   <div class='ocr_carea' id='block_1_2' title="bbox 167 435 1520 2726">
    <p class='ocr_par' dir='ltr' id='par_1_2' title="bbox 167 435 1520 2726">
     <span class='ocr_line' id='line_1_2' title="bbox 167 435 1419 537; baseline -0.002 -25"><span class='ocrx_word' id='word_1_4' title='bbox 167 455 239 518; x_wconf 58' lang='lat' dir='ltr'><strong>dc.</strong></span> <span class='ocrx_word' id='word_1_5' title='bbox 250 443 440 537; x_wconf 68' lang='grc' dir='ltr'><strong><em>ιλοῦἀβρεις,</em></strong></span> <span class='ocrx_word' id='word_1_6' title='bbox 461 445 518 516; x_wconf 87' lang='grc' dir='ltr'><strong><em>καί</em></strong></span> <span class='ocrx_word' id='word_1_7' title='bbox 532 449 652 529; x_wconf 72' lang='grc' dir='ltr'><strong><em>ταῦτα,</em></strong></span> <span class='ocrx_word' id='word_1_8' title='bbox 671 440 752 530; x_wconf 87' lang='grc' dir='ltr'><strong><em>πρδς</em></strong></span> <span class='ocrx_word' id='word_1_9' title='bbox 768 444 979 532; x_wconf 68' lang='grc' dir='ltr'><strong><em>ὑπερέχοντας</em></strong></span> <span class='ocrx_word' id='word_1_10' title='bbox 993 439 1050 508; x_wconf 86' lang='grc' dir='ltr'><strong><em>καί</em></strong></span> <span class='ocrx_word' id='word_1_11' title='bbox 1062 442 1156 527; x_wconf 80' lang='grc' dir='ltr'><strong><em>τιμῆς</em></strong></span> <span class='ocrx_word' id='word_1_12' title='bbox 1172 435 1283 520; x_wconf 82' lang='grc' dir='ltr'><strong><em>ἀξίους</em></strong></span> <span class='ocrx_word' id='word_1_13' title='bbox 1295 445 1419 529; x_wconf 63' lang='grc' dir='ltr'><strong><em>γινομέι</em></strong></span> 
     </span>
     <span class='ocr_line' id='line_1_3' title="bbox 314 538 1417 634; baseline -0.007 -16"><span class='ocrx_word' id='word_1_14' title='bbox 314 574 389 632; x_wconf 89' lang='grc' dir='ltr'><strong><em>νας,</em></strong></span> <span class='ocrx_word' id='word_1_15' title='bbox 423 551 479 616; x_wconf 87' lang='grc' dir='ltr'><strong><em>καί</em></strong></span> <span class='ocrx_word' id='word_1_16' title='bbox 499 545 537 614; x_wconf 87' lang='grc' dir='ltr'><strong><em>τὸ</em></strong></span> <span class='ocrx_word' id='word_1_17' title='bbox 554 555 700 634; x_wconf 77' lang='grc' dir='ltr'><strong><em>κρείσσω</em></strong></span> <span class='ocrx_word' id='word_1_18' title='bbox 715 541 777 610; x_wconf 86' lang='grc' dir='ltr'><strong>ἀπὸ</strong></span> <span class='ocrx_word' id='word_1_19' title='bbox 794 540 899 628; x_wconf 75' lang='grc' dir='ltr'><strong><em>ὕψους</em></strong></span> <span class='ocrx_word' id='word_1_20' title='bbox 913 538 934 632; x_wconf 82' lang='grc' dir='ltr'><strong><em>ἢ</em></strong></span> <span class='ocrx_word' id='word_1_21' title='bbox 949 542 1013 611; x_wconf 79' lang='grc' dir='ltr'><strong>ἀπὸ</strong></span> <span class='ocrx_word' id='word_1_22' title='bbox 1030 541 1178 630; x_wconf 77' lang='grc' dir='ltr'><strong><em>γλώσσης</em></strong></span> <span class='ocrx_word' id='word_1_23' title='bbox 1193 552 1317 626; x_wconf 69' lang='grc' dir='ltr'><strong><em>πεσεῖν,</em></strong></span> <span class='ocrx_word' id='word_1_24' title='bbox 1353 544 1417 610; x_wconf 80' lang='lat' dir='ltr'><strong>aiud</strong></span> 
     </span>
     <span class='ocr_line' id='line_1_4' title="bbox 318 638 1420 736; baseline -0.006 -21"><span class='ocrx_word' id='word_1_25' title='bbox 318 653 382 716; x_wconf 84' lang='grc' dir='ltr'><strong>τών</strong></span> <span class='ocrx_word' id='word_1_26' title='bbox 399 649 510 736; x_wconf 83' lang='grc' dir='ltr'><strong><em>σοφών</em></strong></span> <span class='ocrx_word' id='word_1_27' title='bbox 527 669 612 722; x_wconf 89' lang='grc' dir='ltr'><strong><em>τινος</em></strong></span> <span class='ocrx_word' id='word_1_28' title='bbox 631 648 735 722; x_wconf 77' lang='grc' dir='ltr'><strong><em>καλῶς</em></strong></span> <span class='ocrx_word' id='word_1_29' title='bbox 752 646 933 732; x_wconf 80' lang='grc' dir='ltr'><strong><em>εἰρημένον,</em></strong></span> <span class='ocrx_word' id='word_1_30' title='bbox 954 643 1034 734; x_wconf 80' lang='grc' dir='ltr'><strong><em>ἔργῳ</em></strong></span> <span class='ocrx_word' id='word_1_31' title='bbox 1054 645 1264 726; x_wconf 77' lang='grc' dir='ltr'><strong><em>διδαχθώσιν,</em></strong></span> <span class='ocrx_word' id='word_1_32' title='bbox 1282 638 1420 727; x_wconf 71' lang='grc' dir='ltr'><strong><em>δρῶντες</em></strong></span> 
     </span>
     <span class='ocr_line' id='line_1_5' title="bbox 317 736 1420 833; baseline -0.003 -20"><span class='ocrx_word' id='word_1_33' title='bbox 317 749 364 825; x_wconf 88' lang='grc' dir='ltr'><strong>εἰς</strong></span> <span class='ocrx_word' id='word_1_34' title='bbox 381 742 448 816; x_wconf 74' lang='grc' dir='ltr'><strong><em>οἷον</em></strong></span> <span class='ocrx_word' id='word_1_35' title='bbox 465 746 634 833; x_wconf 71' lang='grc' dir='ltr'><strong><em>βάραθρον</em></strong></span> <span class='ocrx_word' id='word_1_36' title='bbox 648 745 683 824; x_wconf 80' lang='grc' dir='ltr'><strong>ἐξ</strong></span> <span class='ocrx_word' id='word_1_37' title='bbox 705 744 864 829; x_wconf 73' lang='grc' dir='ltr'><strong><em>ἀκρασίας</em></strong></span> <span class='ocrx_word' id='word_1_38' title='bbox 879 744 1117 831; x_wconf 86' lang='grc' dir='ltr'><strong><em>περιπέπτωκας</em></strong></span> <span class='ocrx_word' id='word_1_39' title='bbox 1135 736 1246 821; x_wconf 70' lang='lat' dir='ltr'><strong>ariade·</strong></span> <span class='ocrx_word' id='word_1_40' title='bbox 1271 740 1420 829; x_wconf 81' lang='grc' dir='ltr'><strong><em>δείπερον</em></strong></span> 
     </span>
     <span class='ocr_line' id='line_1_6' title="bbox 318 842 1435 931; baseline -0.003 -18"><span class='ocrx_word' id='word_1_41' title='bbox 318 849 370 930; x_wconf 83' lang='grc' dir='ltr'><strong>δέ,</strong></span> <span class='ocrx_word' id='word_1_42' title='bbox 399 849 458 914; x_wconf 75' lang='grc' dir='ltr'><strong><em>τοῦ</em></strong></span> <span class='ocrx_word' id='word_1_43' title='bbox 477 850 514 912; x_wconf 76' lang='grc' dir='ltr'><strong>σὲ</strong></span> <span class='ocrx_word' id='word_1_44' title='bbox 534 843 589 911; x_wconf 87' lang='grc' dir='ltr'><strong>διά</strong></span> <span class='ocrx_word' id='word_1_45' title='bbox 613 843 686 928; x_wconf 82' lang='grc' dir='ltr'><strong><em>βίου</em></strong></span> <span class='ocrx_word' id='word_1_46' title='bbox 715 844 826 931; x_wconf 80' lang='grc' dir='ltr'><strong><em>φόβων</em></strong></span> <span class='ocrx_word' id='word_1_47' title='bbox 855 847 911 910; x_wconf 89' lang='grc' dir='ltr'><strong><em>καί</em></strong></span> <span class='ocrx_word' id='word_1_48' title='bbox 936 842 1092 910; x_wconf 75' lang='grc' dir='ltr'><strong>κινδύνων</strong></span> <span class='ocrx_word' id='word_1_49' title='bbox 1114 843 1355 928; x_wconf 71' lang='grc' dir='ltr'><strong><em>ἀπαλλαγῆναι.</em></strong></span> <span class='ocrx_word' id='word_1_50' title='bbox 1389 842 1435 910; x_wconf 66' lang='lat' dir='ltr'><strong>nt</strong></span> 
     </span>
     <span class='ocr_line' id='line_1_7' title="bbox 289 936 1421 1033; baseline -0.004 -21"><span class='ocrx_word' id='word_1_51' title='bbox 289 942 384 1033; x_wconf 72' lang='grc' dir='ltr'><strong>ογάρ</strong></span> <span class='ocrx_word' id='word_1_52' title='bbox 406 943 452 1032; x_wconf 78' lang='grc' dir='ltr'><strong>μη</strong></span> <span class='ocrx_word' id='word_1_53' title='bbox 473 947 530 1012; x_wconf 78' lang='grc' dir='ltr'><strong>νῦν</strong></span> <span class='ocrx_word' id='word_1_54' title='bbox 549 941 668 1010; x_wconf 65' lang='lat' dir='ltr'><strong>troiae</strong></span> <span class='ocrx_word' id='word_1_55' title='bbox 687 936 802 1028; x_wconf 79' lang='grc' dir='ltr'><strong><em>ἀχθείς</em></strong></span> <span class='ocrx_word' id='word_1_56' title='bbox 814 942 985 1029; x_wconf 73' lang='grc' dir='ltr'><strong><em>ἐτύγχανες</em></strong></span> <span class='ocrx_word' id='word_1_57' title='bbox 1002 939 1205 1027; x_wconf 74' lang='grc' dir='ltr'><strong><em>συγγνώμης,</em></strong></span> <span class='ocrx_word' id='word_1_58' title='bbox 1237 947 1306 1007; x_wconf 85' lang='grc' dir='ltr'><strong><em>κατ’</em></strong></span> <span class='ocrx_word' id='word_1_59' title='bbox 1324 941 1421 1008; x_wconf 84' lang='grc' dir='ltr'><strong><em>οἰδὲν</em></strong></span> 
     </span>
     <span class='ocr_line' id='line_1_8' title="bbox 319 1037 1423 1132; baseline -0.003 -23"><span class='ocrx_word' id='word_1_60' title='bbox 319 1045 523 1132; x_wconf 74' lang='grc' dir='ltr'><em>ἀνεκτότερον</em></span> <span class='ocrx_word' id='word_1_61' title='bbox 546 1037 586 1110; x_wconf 84' lang='grc' dir='ltr'><strong><em>ἀν</em></strong></span> <span class='ocrx_word' id='word_1_62' title='bbox 605 1039 679 1129; x_wconf 72' lang='grc' dir='ltr'><strong><em>ἔζης</em></strong></span> <span class='ocrx_word' id='word_1_63' title='bbox 695 1046 753 1108; x_wconf 78' lang='grc' dir='ltr'><strong><em>τοῦ</em></strong></span> <span class='ocrx_word' id='word_1_64' title='bbox 771 1041 966 1129; x_wconf 67' lang='lat' dir='ltr'><strong>lisitanae,</strong></span> <span class='ocrx_word' id='word_1_65' title='bbox 1000 1046 1119 1109; x_wconf 88' lang='grc' dir='ltr'><strong><em>στένων</em></strong></span> <span class='ocrx_word' id='word_1_66' title='bbox 1141 1045 1198 1107; x_wconf 88' lang='grc' dir='ltr'><strong>καί</strong></span> <span class='ocrx_word' id='word_1_67' title='bbox 1222 1045 1348 1128; x_wconf 82' lang='grc' dir='ltr'><strong><em>τρέμων</em></strong></span> <span class='ocrx_word' id='word_1_68' title='bbox 1366 1041 1423 1106; x_wconf 74' lang='lat' dir='ltr'><strong>tut</strong></span> 
     </span>
     <span class='ocr_line' id='line_1_9' title="bbox 317 1137 1422 1231; baseline -0.005 -21"><span class='ocrx_word' id='word_1_69' title='bbox 317 1145 375 1230; x_wconf 74' lang='grc' dir='ltr'><strong>τῆς</strong></span> <span class='ocrx_word' id='word_1_70' title='bbox 392 1145 449 1230; x_wconf 77' lang='grc' dir='ltr'><strong><em>γῆς</em></strong></span> <span class='ocrx_word' id='word_1_71' title='bbox 472 1145 528 1210; x_wconf 85' lang='grc' dir='ltr'><strong>καί</strong></span> <span class='ocrx_word' id='word_1_72' title='bbox 543 1143 632 1231; x_wconf 78' lang='grc' dir='ltr'><strong><em>παρὰ</em></strong></span> <span class='ocrx_word' id='word_1_73' title='bbox 652 1139 771 1224; x_wconf 87' lang='grc' dir='ltr'><strong><em>παντδς</em></strong></span> <span class='ocrx_word' id='word_1_74' title='bbox 793 1147 854 1209; x_wconf 77' lang='grc' dir='ltr'><strong><em>τοῦ</em></strong></span> <span class='ocrx_word' id='word_1_75' title='bbox 879 1137 1111 1231; x_wconf 76' lang='grc' dir='ltr'><strong><em>προστυχόντος</em></strong></span> <span class='ocrx_word' id='word_1_76' title='bbox 1137 1138 1276 1224; x_wconf 85' lang='grc' dir='ltr'><strong><em>οἰόμενος</em></strong></span> <span class='ocrx_word' id='word_1_77' title='bbox 1301 1139 1422 1206; x_wconf 85' lang='grc' dir='ltr'><strong><em>αάτίκα</em></strong></span> 
     </span>
     <span class='ocr_line' id='line_1_10' title="bbox 200 1236 1520 1329; baseline -0.003 -22"><span class='ocrx_word' id='word_1_78' title='bbox 200 1278 204 1294; x_wconf 85' lang='lat'><strong>·</strong></span> <span class='ocrx_word' id='word_1_79' title='bbox 319 1236 527 1310; x_wconf 73' lang='grc' dir='ltr'><strong><em>ἀπολεῖσθαι.</em></strong></span> <span class='ocrx_word' id='word_1_80' title='bbox 559 1241 632 1312; x_wconf 86' lang='grc' dir='ltr'><strong><em>νυνί</em></strong></span> <span class='ocrx_word' id='word_1_81' title='bbox 655 1245 692 1309; x_wconf 80' lang='grc' dir='ltr'><strong>δέ</strong></span> <span class='ocrx_word' id='word_1_82' title='bbox 717 1243 905 1329; x_wconf 75' lang='grc' dir='ltr'><strong><em>συγγνώμης</em></strong></span> <span class='ocrx_word' id='word_1_83' title='bbox 930 1238 1059 1327; x_wconf 84' lang='grc' dir='ltr'><strong><em>τυχών,</em></strong></span> <span class='ocrx_word' id='word_1_84' title='bbox 1086 1241 1189 1328; x_wconf 78' lang='grc' dir='ltr'><strong><em>ἡδέως</em></strong></span> <span class='ocrx_word' id='word_1_85' title='bbox 1212 1240 1342 1324; x_wconf 79' lang='grc' dir='ltr'><strong><em>βιώσεις</em></strong></span> <span class='ocrx_word' id='word_1_86' title='bbox 1364 1243 1423 1304; x_wconf 85' lang='grc' dir='ltr'><strong>καί</strong></span> <span class='ocrx_word' id='word_1_87' title='bbox 1519 1293 1520 1298; x_wconf 64' lang='grc'><strong><em>,</em></strong></span> 
     </span>
     <span class='ocr_line' id='line_1_11' title="bbox 319 1331 1454 1428; baseline -0.004 -21"><span class='ocrx_word' id='word_1_88' title='bbox 319 1343 438 1425; x_wconf 71' lang='grc' dir='ltr'><strong><em>ἀδεοῦς,</em></strong></span> <span class='ocrx_word' id='word_1_89' title='bbox 458 1337 588 1422; x_wconf 80' lang='grc' dir='ltr'><strong><em>οάδενδς</em></strong></span> <span class='ocrx_word' id='word_1_90' title='bbox 602 1340 652 1408; x_wconf 80' lang='grc' dir='ltr'><strong><em>ἔτι</em></strong></span> <span class='ocrx_word' id='word_1_91' title='bbox 667 1343 848 1426; x_wconf 75' lang='grc' dir='ltr'><strong><em>δυναμένου</em></strong></span> <span class='ocrx_word' id='word_1_92' title='bbox 862 1345 924 1410; x_wconf 82' lang='grc' dir='ltr'><strong>τών</strong></span> <span class='ocrx_word' id='word_1_93' title='bbox 937 1342 982 1420; x_wconf 88' lang='grc' dir='ltr'><strong>εἰς</strong></span> <span class='ocrx_word' id='word_1_94' title='bbox 997 1342 1056 1426; x_wconf 78' lang='grc' dir='ltr'><strong><em>ἐμὲ</em></strong></span> <span class='ocrx_word' id='word_1_95' title='bbox 1071 1341 1305 1428; x_wconf 79' lang='grc' dir='ltr'><strong><em>ἡμαρτημένων</em></strong></span> <span class='ocrx_word' id='word_1_96' title='bbox 1318 1331 1454 1404; x_wconf 69' lang='lat' dir='ltr'><strong>siti-ro</strong></span> 
     </span>
     <span class='ocr_line' id='line_1_12' title="bbox 317 1433 1421 1528; baseline -0.003 -21"><span class='ocrx_word' id='word_1_97' title='bbox 317 1465 376 1518; x_wconf 88' lang='grc' dir='ltr'><strong>νας</strong></span> <span class='ocrx_word' id='word_1_98' title='bbox 397 1443 573 1508; x_wconf 58' lang='lat' dir='ltr'><strong>inerrata?</strong></span> <span class='ocrx_word' id='word_1_99' title='bbox 617 1444 760 1508; x_wconf 75' lang='lat' dir='ltr'><strong>Tarmita</strong></span> <span class='ocrx_word' id='word_1_100' title='bbox 778 1439 875 1526; x_wconf 81' lang='grc' dir='ltr'><strong><em>μένό</em></strong></span> <span class='ocrx_word' id='word_1_101' title='bbox 899 1437 1149 1528; x_wconf 79' lang='grc' dir='ltr'><strong><em>βασιλεδςπρδς</em></strong></span> <span class='ocrx_word' id='word_1_102' title='bbox 1162 1439 1302 1526; x_wconf 82' lang='grc' dir='ltr'><strong><em>Μάρκον</em></strong></span> <span class='ocrx_word' id='word_1_103' title='bbox 1321 1433 1421 1505; x_wconf 77' lang='grc' dir='ltr'><strong><em>εἶπεν.</em></strong></span> 
     </span>
     <span class='ocr_line' id='line_1_13' title="bbox 318 1533 1420 1628; baseline -0.002 -21"><span class='ocrx_word' id='word_1_104' title='bbox 318 1544 349 1613; x_wconf 86' lang='grc' dir='ltr'><strong>οἰ</strong></span> <span class='ocrx_word' id='word_1_105' title='bbox 367 1541 518 1628; x_wconf 80' lang='grc' dir='ltr'><strong><em>παρέντες</em></strong></span> <span class='ocrx_word' id='word_1_106' title='bbox 544 1543 581 1609; x_wconf 80' lang='grc' dir='ltr'><strong>δέ</strong></span> <span class='ocrx_word' id='word_1_107' title='bbox 604 1535 775 1608; x_wconf 88' lang='grc' dir='ltr'><strong><em>ἀλλόκοτον</em></strong></span> <span class='ocrx_word' id='word_1_108' title='bbox 805 1543 867 1626; x_wconf 87' lang='grc' dir='ltr'><strong>μέν</strong></span> <span class='ocrx_word' id='word_1_109' title='bbox 897 1567 970 1608; x_wconf 87' lang='grc' dir='ltr'><strong><em>τινα</em></strong></span> <span class='ocrx_word' id='word_1_110' title='bbox 994 1533 1137 1626; x_wconf 70' lang='grc' dir='ltr'><strong><em>ὄψεσθαι</em></strong></span> <span class='ocrx_word' id='word_1_111' title='bbox 1160 1539 1249 1606; x_wconf 84' lang='grc' dir='ltr'><strong><em>ἰδέαν</em></strong></span> <span class='ocrx_word' id='word_1_112' title='bbox 1274 1538 1420 1605; x_wconf 60' lang='lat' dir='ltr'><strong>&amp;ordros</strong></span> 
     </span>
     <span class='ocr_line' id='line_1_14' title="bbox 316 1635 1421 1732; baseline -0.006 -22"><span class='ocrx_word' id='word_1_113' title='bbox 316 1645 567 1731; x_wconf 62' lang='lat' dir='ltr'><strong>numerarium,</strong></span> <span class='ocrx_word' id='word_1_114' title='bbox 588 1637 699 1708; x_wconf 74' lang='grc' dir='ltr'><strong><em>ἔπειτα</em></strong></span> <span class='ocrx_word' id='word_1_115' title='bbox 714 1640 866 1732; x_wconf 76' lang='grc' dir='ltr'><strong><em>ἐξαίφνης</em></strong></span> <span class='ocrx_word' id='word_1_116' title='bbox 887 1637 977 1727; x_wconf 85' lang='grc' dir='ltr'><strong>παρά</strong></span> <span class='ocrx_word' id='word_1_117' title='bbox 993 1639 1091 1720; x_wconf 83' lang='grc' dir='ltr'><strong><em>δόξαν</em></strong></span> <span class='ocrx_word' id='word_1_118' title='bbox 1106 1637 1164 1706; x_wconf 86' lang='grc' dir='ltr'><strong>τδν</strong></span> <span class='ocrx_word' id='word_1_119' title='bbox 1180 1639 1227 1716; x_wconf 85' lang='grc' dir='ltr'><strong>εἰς</strong></span> <span class='ocrx_word' id='word_1_120' title='bbox 1241 1635 1299 1707; x_wconf 73' lang='lat' dir='ltr'><strong>ria</strong></span> <span class='ocrx_word' id='word_1_121' title='bbox 1315 1635 1421 1724; x_wconf 85' lang='grc' dir='ltr'><strong><em>Μώρ-</em></strong></span> 
     </span>
     <span class='ocr_line' id='line_1_15' title="bbox 316 1735 1419 1828; baseline -0.004 -22"><span class='ocrx_word' id='word_1_122' title='bbox 316 1744 441 1809; x_wconf 79' lang='grc' dir='ltr'><strong><em>κοντοῦ</em></strong></span> <span class='ocrx_word' id='word_1_123' title='bbox 457 1745 615 1827; x_wconf 79' lang='grc' dir='ltr'><strong><em>βασιλέως</em></strong></span> <span class='ocrx_word' id='word_1_124' title='bbox 634 1739 722 1808; x_wconf 85' lang='grc' dir='ltr'><strong><em>έλεον</em></strong></span> <span class='ocrx_word' id='word_1_125' title='bbox 745 1744 801 1807; x_wconf 82' lang='grc' dir='ltr'><strong>καί</strong></span> <span class='ocrx_word' id='word_1_126' title='bbox 824 1737 883 1827; x_wconf 78' lang='grc' dir='ltr'><strong>τὴν</strong></span> <span class='ocrx_word' id='word_1_127' title='bbox 897 1738 1065 1820; x_wconf 86' lang='grc' dir='ltr'><strong><em>σώζουσαν</em></strong></span> <span class='ocrx_word' id='word_1_128' title='bbox 1082 1743 1194 1828; x_wconf 76' lang='grc' dir='ltr'><strong><em>ψῆφον</em></strong></span> <span class='ocrx_word' id='word_1_129' title='bbox 1216 1735 1340 1814; x_wconf 79' lang='grc' dir='ltr'><strong><em>ἰδόντες</em></strong></span> <span class='ocrx_word' id='word_1_130' title='bbox 1351 1739 1419 1818; x_wconf 74' lang='grc' dir='ltr'><strong><em>έξε·</em></strong></span> 
     </span>
     <span class='ocr_line' id='line_1_16' title="bbox 283 1835 1454 1928; baseline -0.001 -20"><span class='ocrx_word' id='word_1_131' title='bbox 283 1845 525 1928; x_wconf 74' lang='grc' dir='ltr'><strong><em>υνηνεγμένην,</em></strong></span> <span class='ocrx_word' id='word_1_132' title='bbox 558 1839 746 1925; x_wconf 74' lang='grc' dir='ltr'><strong><em>ἐθαύμαζόν</em></strong></span> <span class='ocrx_word' id='word_1_133' title='bbox 766 1865 802 1907; x_wconf 88' lang='grc' dir='ltr'><strong>τε</strong></span> <span class='ocrx_word' id='word_1_134' title='bbox 826 1843 882 1927; x_wconf 81' lang='grc' dir='ltr'><strong>τῆς</strong></span> <span class='ocrx_word' id='word_1_135' title='bbox 900 1837 1104 1924; x_wconf 70' lang='grc' dir='ltr'><strong><em>συμπαθείας</em></strong></span> <span class='ocrx_word' id='word_1_136' title='bbox 1127 1836 1182 1907; x_wconf 89' lang='grc' dir='ltr'><strong>τδν</strong></span> <span class='ocrx_word' id='word_1_137' title='bbox 1201 1837 1339 1924; x_wconf 77' lang='grc' dir='ltr'><strong><em>βασιλέα</em></strong></span> <span class='ocrx_word' id='word_1_138' title='bbox 1364 1835 1454 1909; x_wconf 72' lang='lat' dir='ltr'><strong>satit</strong></span> 
     </span>
     <span class='ocr_line' id='line_1_17' title="bbox 312 1938 1419 2030; baseline -0.004 -23"><span class='ocrx_word' id='word_1_139' title='bbox 312 1943 357 2030; x_wconf 78' lang='grc' dir='ltr'><strong><em>τῷ</em></strong></span> <span class='ocrx_word' id='word_1_140' title='bbox 379 1942 507 2030; x_wconf 80' lang='grc' dir='ltr'><strong><em>Μώρκιμ</em></strong></span> <span class='ocrx_word' id='word_1_141' title='bbox 524 1944 717 2028; x_wconf 74' lang='grc' dir='ltr'><strong><em>συνέχαιρον</em></strong></span> <span class='ocrx_word' id='word_1_142' title='bbox 738 1943 796 2029; x_wconf 75' lang='grc' dir='ltr'><strong>τῆς</strong></span> <span class='ocrx_word' id='word_1_143' title='bbox 819 1938 991 2028; x_wconf 87' lang='grc' dir='ltr'><strong><em>σωτηρίας,</em></strong></span> <span class='ocrx_word' id='word_1_144' title='bbox 1010 1943 1068 2005; x_wconf 86' lang='grc' dir='ltr'><strong>καί</strong></span> <span class='ocrx_word' id='word_1_145' title='bbox 1082 1939 1200 2005; x_wconf 76' lang='grc' dir='ltr'><strong><em>οἰκείαν</em></strong></span> <span class='ocrx_word' id='word_1_146' title='bbox 1219 1940 1353 2015; x_wconf 75' lang='grc' dir='ltr'><strong><em>ἕκαστος</em></strong></span> <span class='ocrx_word' id='word_1_147' title='bbox 1370 1939 1419 2003; x_wconf 89' lang='grc' dir='ltr'><strong>οἰ-</strong></span> 
     </span>
     <span class='ocr_line' id='line_1_18' title="bbox 314 2035 1418 2128; baseline -0.002 -24"><span class='ocrx_word' id='word_1_148' title='bbox 314 2038 425 2123; x_wconf 86' lang='grc' dir='ltr'><strong><em>όμενοι</em></strong></span> <span class='ocrx_word' id='word_1_149' title='bbox 443 2037 503 2126; x_wconf 80' lang='grc' dir='ltr'><strong><em>τὴν</em></strong></span> <span class='ocrx_word' id='word_1_150' title='bbox 519 2041 714 2128; x_wconf 68' lang='grc' dir='ltr'><strong><em>εάεργεσιαν,</em></strong></span> <span class='ocrx_word' id='word_1_151' title='bbox 735 2039 790 2107; x_wconf 88' lang='grc' dir='ltr'><strong><em>σοί</em></strong></span> <span class='ocrx_word' id='word_1_152' title='bbox 807 2041 976 2128; x_wconf 80' lang='grc' dir='ltr'><strong><em>προσήκειν</em></strong></span> <span class='ocrx_word' id='word_1_153' title='bbox 991 2035 1108 2124; x_wconf 77' lang='grc' dir='ltr'><strong><em>ἔλεγον,</em></strong></span> <span class='ocrx_word' id='word_1_154' title='bbox 1128 2038 1272 2124; x_wconf 76' lang='grc' dir='ltr'><strong><em>βασιλεῦ,</em></strong></span> <span class='ocrx_word' id='word_1_155' title='bbox 1292 2037 1418 2123; x_wconf 84' lang='grc' dir='ltr'><strong><em>πατέρα</em></strong></span> 
     </span>
     <span class='ocr_line' id='line_1_19' title="bbox 311 2133 1418 2227; baseline -0.002 -22"><span class='ocrx_word' id='word_1_156' title='bbox 311 2135 368 2205; x_wconf 89' lang='grc' dir='ltr'><strong>τδν</strong></span> <span class='ocrx_word' id='word_1_157' title='bbox 388 2136 467 2206; x_wconf 65' lang='lat' dir='ltr'><strong>&amp;adv</strong></span> <span class='ocrx_word' id='word_1_158' title='bbox 485 2142 709 2207; x_wconf 74' lang='grc' dir='ltr'><strong><em>ἐπικαλεῖσθαι</em></strong></span> <span class='ocrx_word' id='word_1_159' title='bbox 726 2143 782 2206; x_wconf 86' lang='grc' dir='ltr'><strong><em>καί</em></strong></span> <span class='ocrx_word' id='word_1_160' title='bbox 799 2137 882 2223; x_wconf 77' lang='grc' dir='ltr'><strong><em>μετὰ</em></strong></span> <span class='ocrx_word' id='word_1_161' title='bbox 898 2135 1084 2227; x_wconf 71' lang='grc' dir='ltr'><strong><em>παρρησίας</em></strong></span> <span class='ocrx_word' id='word_1_162' title='bbox 1103 2139 1167 2206; x_wconf 83' lang='grc' dir='ltr'><strong>τών</strong></span> <span class='ocrx_word' id='word_1_163' title='bbox 1184 2133 1418 2224; x_wconf 68' lang='grc' dir='ltr'><strong><em>ἡμαρτημένων</em></strong></span> 
     </span>
     <span class='ocr_line' id='line_1_20' title="bbox 308 2228 1418 2328; baseline -0.005 -25"><span class='ocrx_word' id='word_1_164' title='bbox 308 2236 370 2324; x_wconf 71' lang='grc' dir='ltr'><strong>τήν</strong></span> <span class='ocrx_word' id='word_1_165' title='bbox 385 2238 574 2326; x_wconf 88' lang='grc' dir='ltr'><strong><em>συγγνώμην</em></strong></span> <span class='ocrx_word' id='word_1_166' title='bbox 592 2243 701 2324; x_wconf 76' lang='grc' dir='ltr'><strong><em>αἰτεῖν,</em></strong></span> <span class='ocrx_word' id='word_1_167' title='bbox 718 2235 763 2318; x_wconf 85' lang='grc' dir='ltr'><strong><em>ώς</em></strong></span> <span class='ocrx_word' id='word_1_168' title='bbox 780 2240 909 2328; x_wconf 84' lang='grc' dir='ltr'><strong><em>ἀφιέντι</em></strong></span> <span class='ocrx_word' id='word_1_169' title='bbox 926 2241 970 2327; x_wconf 82' lang='grc' dir='ltr'><strong><em>τῷ</em></strong></span> <span class='ocrx_word' id='word_1_170' title='bbox 985 2237 1248 2327; x_wconf 84' lang='grc' dir='ltr'><strong><em>προσκεκρουκὸτι</em></strong></span> <span class='ocrx_word' id='word_1_171' title='bbox 1261 2234 1304 2302; x_wconf 81' lang='lat' dir='ltr'><strong>ad</strong></span> <span class='ocrx_word' id='word_1_172' title='bbox 1324 2228 1418 2322; x_wconf 77' lang='grc' dir='ltr'><strong><em>ὄφεο·</em></strong></span> 
     </span>
     <span class='ocr_line' id='line_1_21' title="bbox 309 2333 1452 2427; baseline 0.006 -26"><span class='ocrx_word' id='word_1_173' title='bbox 309 2335 440 2420; x_wconf 88' lang='grc' dir='ltr'><strong><em>λέμενα.</em></strong></span> <span class='ocrx_word' id='word_1_174' title='bbox 458 2336 581 2404; x_wconf 74' lang='grc' dir='ltr'><strong><em>τούτων</em></strong></span> <span class='ocrx_word' id='word_1_175' title='bbox 596 2338 657 2405; x_wconf 90' lang='grc' dir='ltr'><strong>καί</strong></span> <span class='ocrx_word' id='word_1_176' title='bbox 669 2361 764 2405; x_wconf 87' lang='grc' dir='ltr'><strong><em>τινων</em></strong></span> <span class='ocrx_word' id='word_1_177' title='bbox 787 2333 906 2427; x_wconf 74' lang='grc' dir='ltr'><strong><em>ἑτέρων</em></strong></span> <span class='ocrx_word' id='word_1_178' title='bbox 928 2338 1086 2406; x_wconf 77' lang='grc' dir='ltr'><strong><em>τοιούτων</em></strong></span> <span class='ocrx_word' id='word_1_179' title='bbox 1110 2335 1174 2403; x_wconf 75' lang='grc' dir='ltr'><strong>ἀπὸ</strong></span> <span class='ocrx_word' id='word_1_180' title='bbox 1192 2339 1251 2402; x_wconf 74' lang='grc' dir='ltr'><strong><em>τοῦ</em></strong></span> <span class='ocrx_word' id='word_1_181' title='bbox 1271 2333 1452 2422; x_wconf 72' lang='grc' dir='ltr'><strong><em>πληθουςοο</em></strong></span> 
     </span>
     <span class='ocr_line' id='line_1_22' title="bbox 308 2434 1298 2531; baseline 0.002 -31"><span class='ocrx_word' id='word_1_182' title='bbox 308 2438 503 2525; x_wconf 74' lang='grc' dir='ltr'><strong><em>εἰρημένων,</em></strong></span> <span class='ocrx_word' id='word_1_183' title='bbox 527 2434 589 2504; x_wconf 85' lang='grc' dir='ltr'><strong><em>σδν</em></strong></span> <span class='ocrx_word' id='word_1_184' title='bbox 608 2438 754 2524; x_wconf 75' lang='grc' dir='ltr'><strong><em>ἐκπλήξει</em></strong></span> <span class='ocrx_word' id='word_1_185' title='bbox 771 2439 827 2504; x_wconf 87' lang='grc' dir='ltr'><strong>καί</strong></span> <span class='ocrx_word' id='word_1_186' title='bbox 840 2434 963 2531; x_wconf 73' lang='grc' dir='ltr'><strong><em>χαρᾷὸ</em></strong></span> <span class='ocrx_word' id='word_1_187' title='bbox 984 2437 1133 2524; x_wconf 75' lang='grc' dir='ltr'><strong><em>σύλλογος</em></strong></span> <span class='ocrx_word' id='word_1_188' title='bbox 1152 2435 1298 2524; x_wconf 72' lang='grc' dir='ltr'><strong><em>διελύθη.</em></strong></span> 
     </span>
     <span class='ocr_line' id='line_1_23' title="bbox 214 2535 1415 2629; baseline -0.003 -23"><span class='ocrx_word' id='word_1_189' title='bbox 214 2549 309 2614; x_wconf 78' lang='lat' dir='ltr'><strong>ntea</strong></span> <span class='ocrx_word' id='word_1_190' title='bbox 398 2535 438 2620; x_wconf 72' lang='lat' dir='ltr'><strong>tl.</strong></span> <span class='ocrx_word' id='word_1_191' title='bbox 480 2536 644 2613; x_wconf 84' lang='grc' dir='ltr'><strong><em>Βασιλεδς</em></strong></span> <span class='ocrx_word' id='word_1_192' title='bbox 664 2541 701 2604; x_wconf 84' lang='grc' dir='ltr'><strong>δὲ</strong></span> <span class='ocrx_word' id='word_1_193' title='bbox 716 2536 751 2603; x_wconf 83' lang='grc' dir='ltr'><strong>εδ</strong></span> <span class='ocrx_word' id='word_1_194' title='bbox 773 2537 830 2605; x_wconf 86' lang='grc' dir='ltr'><strong><em>καί</em></strong></span> <span class='ocrx_word' id='word_1_195' title='bbox 845 2536 923 2615; x_wconf 78' lang='grc' dir='ltr'><strong><em>τούς</em></strong></span> <span class='ocrx_word' id='word_1_196' title='bbox 936 2540 980 2629; x_wconf 75' lang='grc' dir='ltr'><strong><em>τῷ</em></strong></span> <span class='ocrx_word' id='word_1_197' title='bbox 999 2535 1180 2626; x_wconf 80' lang='grc' dir='ltr'><strong><em>πατριώρχη</em></strong></span> <span class='ocrx_word' id='word_1_198' title='bbox 1203 2559 1415 2624; x_wconf 77' lang='grc' dir='ltr'><strong><em>προσκεκρου-</em></strong></span> 
     </span>
     <span class='ocr_line' id='line_1_24' title="bbox 316 2629 1414 2726; baseline 0.002 -25"><span class='ocrx_word' id='word_1_199' title='bbox 316 2631 411 2714; x_wconf 81' lang='grc' dir='ltr'><strong><em>κότας</em></strong></span> <span class='ocrx_word' id='word_1_200' title='bbox 425 2635 595 2726; x_wconf 76' lang='grc' dir='ltr'><strong><em>ἀρχιερέας</em></strong></span> <span class='ocrx_word' id='word_1_201' title='bbox 613 2636 658 2726; x_wconf 75' lang='grc' dir='ltr'><strong>μη</strong></span> <span class='ocrx_word' id='word_1_202' title='bbox 675 2645 785 2724; x_wconf 80' lang='grc' dir='ltr'><strong><em>τυχεῖν</em></strong></span> <span class='ocrx_word' id='word_1_203' title='bbox 802 2637 988 2726; x_wconf 87' lang='grc' dir='ltr'><strong><em>συγγνώμης</em></strong></span> <span class='ocrx_word' id='word_1_204' title='bbox 1006 2635 1181 2725; x_wconf 83' lang='grc' dir='ltr'><strong><em>ἧγοάμενος</em></strong></span> <span class='ocrx_word' id='word_1_205' title='bbox 1197 2632 1258 2704; x_wconf 73' lang='lat' dir='ltr'><strong>oria</strong></span> <span class='ocrx_word' id='word_1_206' title='bbox 1273 2629 1414 2722; x_wconf 74' lang='grc' dir='ltr'><strong><em>ἀνεκτὸν,</em></strong></span> 
     </span>
    </p>
   </div>
   <div class='ocr_carea' id='block_1_3' title="bbox 244 2806 1413 4227">
    <p class='ocr_par' dir='ltr' id='par_1_3' title="bbox 312 2806 1413 2892">
     <span class='ocr_line' id='line_1_25' title="bbox 312 2806 1413 2892; baseline 0.001 -33"><span class='ocrx_word' id='word_1_207' title='bbox 312 2811 409 2860; x_wconf 88' lang='lat' dir='ltr'><strong>eontra</strong></span> <span class='ocrx_word' id='word_1_208' title='bbox 424 2807 597 2876; x_wconf 70' lang='lat' dir='ltr'>superiores,</span> <span class='ocrx_word' id='word_1_209' title='bbox 615 2824 684 2892; x_wconf 83' lang='lat' dir='ltr'><strong>quos</strong></span> <span class='ocrx_word' id='word_1_210' title='bbox 700 2808 791 2862; x_wconf 83' lang='lat' dir='ltr'><strong>colere</strong></span> <span class='ocrx_word' id='word_1_211' title='bbox 806 2825 838 2861; x_wconf 90' lang='lat' dir='ltr'><strong>ae</strong></span> <span class='ocrx_word' id='word_1_212' title='bbox 852 2806 978 2862; x_wconf 81' lang='lat' dir='ltr'><strong>venerari</strong></span> <span class='ocrx_word' id='word_1_213' title='bbox 996 2807 1115 2878; x_wconf 76' lang='lat' dir='ltr'><strong>‹lebent3</strong></span> <span class='ocrx_word' id='word_1_214' title='bbox 1139 2814 1169 2863; x_wconf 85' lang='lat' dir='ltr'><strong>et</strong></span> <span class='ocrx_word' id='word_1_215' title='bbox 1180 2807 1283 2882; x_wconf 85' lang='lat' dir='ltr'><strong>quoda</strong></span> <span class='ocrx_word' id='word_1_216' title='bbox 1294 2806 1413 2880; x_wconf 84' lang='lat' dir='ltr'><strong>quodam</strong></span> 
     </span>
    </p>

    <p class='ocr_par' dir='ltr' id='par_1_4' title="bbox 311 2877 1412 2950">
     <span class='ocr_line' id='line_1_26' title="bbox 311 2877 1412 2950; baseline 0.002 -21"><span class='ocrx_word' id='word_1_217' title='bbox 311 2879 436 2948; x_wconf 88' lang='lat' dir='ltr'><strong>sapiente</strong></span> <span class='ocrx_word' id='word_1_218' title='bbox 451 2879 588 2946; x_wconf 86' lang='lat' dir='ltr'><strong>praeclare</strong></span> <span class='ocrx_word' id='word_1_219' title='bbox 602 2877 707 2931; x_wconf 82' lang='lat' dir='ltr'><strong>dietum</strong></span> <span class='ocrx_word' id='word_1_220' title='bbox 721 2887 772 2943; x_wconf 85' lang='lat' dir='ltr'><strong>est,</strong></span> <span class='ocrx_word' id='word_1_221' title='bbox 789 2889 928 2950; x_wconf 88' lang='lat' dir='ltr'><strong>praestare</strong></span> <span class='ocrx_word' id='word_1_222' title='bbox 944 2880 979 2932; x_wconf 86' lang='lat' dir='ltr'><strong>ab</strong></span> <span class='ocrx_word' id='word_1_223' title='bbox 991 2879 1058 2944; x_wconf 83' lang='lat' dir='ltr'><strong>alto,</strong></span> <span class='ocrx_word' id='word_1_224' title='bbox 1078 2897 1161 2950; x_wconf 88' lang='lat' dir='ltr'><strong>quam</strong></span> <span class='ocrx_word' id='word_1_225' title='bbox 1175 2880 1296 2950; x_wconf 78' lang='lat' dir='ltr'><strong>elingua</strong></span> <span class='ocrx_word' id='word_1_226' title='bbox 1306 2877 1412 2942; x_wconf 85' lang='lat' dir='ltr'><strong>eadere,</strong></span> 
     </span>
    </p>

    <p class='ocr_par' dir='ltr' id='par_1_5' title="bbox 309 2947 1412 3022">
     <span class='ocr_line' id='line_1_27' title="bbox 309 2947 1412 3022; baseline -0.002 -20"><span class='ocrx_word' id='word_1_227' title='bbox 309 2949 411 3019; x_wconf 86' lang='lat' dir='ltr'><strong>reipsa</strong></span> <span class='ocrx_word' id='word_1_228' title='bbox 424 2947 599 3014; x_wconf 82' lang='lat' dir='ltr'>docerentur,</span> <span class='ocrx_word' id='word_1_229' title='bbox 617 2951 769 3014; x_wconf 83' lang='lat' dir='ltr'><strong>intuentes,</strong></span> <span class='ocrx_word' id='word_1_230' title='bbox 788 2952 818 3002; x_wconf 91' lang='lat' dir='ltr'><strong>in</strong></span> <span class='ocrx_word' id='word_1_231' title='bbox 833 2952 916 3022; x_wconf 86' lang='lat' dir='ltr'><strong>quale</strong></span> <span class='ocrx_word' id='word_1_232' title='bbox 929 2949 1089 3005; x_wconf 74' lang='lat' dir='ltr'><strong>barathrum</strong></span> <span class='ocrx_word' id='word_1_233' title='bbox 1106 2958 1137 3002; x_wconf 91' lang='lat' dir='ltr'><strong>tu</strong></span> <span class='ocrx_word' id='word_1_234' title='bbox 1156 2967 1191 3002; x_wconf 76' lang='lat' dir='ltr'><strong>ex</strong></span> <span class='ocrx_word' id='word_1_235' title='bbox 1201 2951 1412 3020; x_wconf 70' lang='lat' dir='ltr'><strong>intemperantia</strong></span> 
     </span>
    </p>

    <p class='ocr_par' dir='ltr' id='par_1_6' title="bbox 308 3020 1412 3090">
     <span class='ocr_line' id='line_1_28' title="bbox 308 3020 1412 3090; baseline -0.001 -17"><span class='ocrx_word' id='word_1_236' title='bbox 308 3020 419 3090; x_wconf 73' lang='lat' dir='ltr'><strong>linguaue</strong></span> <span class='ocrx_word' id='word_1_237' title='bbox 435 3021 661 3090; x_wconf 81' lang='lat' dir='ltr'><strong>praecipitasses:</strong></span> <span class='ocrx_word' id='word_1_238' title='bbox 686 3021 781 3083; x_wconf 88' lang='lat' dir='ltr'><strong>altera,</strong></span> <span class='ocrx_word' id='word_1_239' title='bbox 799 3029 831 3074; x_wconf 89' lang='lat' dir='ltr'><strong>ut</strong></span> <span class='ocrx_word' id='word_1_240' title='bbox 844 3030 873 3074; x_wconf 87' lang='lat' dir='ltr'><strong>tc</strong></span> <span class='ocrx_word' id='word_1_241' title='bbox 910 3039 940 3074; x_wconf 87' lang='lat' dir='ltr'><strong>er</strong></span> <span class='ocrx_word' id='word_1_242' title='bbox 959 3036 1068 3074; x_wconf 89' lang='lat' dir='ltr'><strong>omnem</strong></span> <span class='ocrx_word' id='word_1_243' title='bbox 1087 3023 1171 3073; x_wconf 85' lang='lat' dir='ltr'><strong>vitam</strong></span> <span class='ocrx_word' id='word_1_244' title='bbox 1189 3021 1288 3074; x_wconf 90' lang='lat' dir='ltr'><strong>timore</strong></span> <span class='ocrx_word' id='word_1_245' title='bbox 1303 3022 1412 3090; x_wconf 83' lang='lat' dir='ltr'><strong>pericn-</strong></span> 
     </span>
    </p>

    <p class='ocr_par' dir='ltr' id='par_1_7' title="bbox 306 3039 1412 4083">
     <span class='ocr_line' id='line_1_29' title="bbox 306 3039 1412 3163; baseline -0.002 -21"><span class='ocrx_word' id='word_1_246' title='bbox 306 3090 393 3163; x_wconf 87' lang='lat' dir='ltr'><strong>loque</strong></span> <span class='ocrx_word' id='word_1_247' title='bbox 403 3089 560 3147; x_wconf 86' lang='lat' dir='ltr'><strong>liberarem.</strong></span> <span class='ocrx_word' id='word_1_248' title='bbox 596 3092 707 3145; x_wconf 82' lang='lat' dir='ltr'><strong>Etenim</strong></span> <span class='ocrx_word' id='word_1_249' title='bbox 722 3093 777 3144; x_wconf 90' lang='lat' dir='ltr'><strong>nisi</strong></span> <span class='ocrx_word' id='word_1_250' title='bbox 794 3092 877 3145; x_wconf 90' lang='lat' dir='ltr'><strong>modo</strong></span> <span class='ocrx_word' id='word_1_251' title='bbox 889 3039 950 3161; x_wconf 73' lang='lat' dir='ltr'><strong>lure</strong></span> <span class='ocrx_word' id='word_1_252' title='bbox 968 3100 1130 3163; x_wconf 87' lang='lat' dir='ltr'><strong>pertractus,</strong></span> <span class='ocrx_word' id='word_1_253' title='bbox 1148 3090 1257 3144; x_wconf 84' lang='lat' dir='ltr'><strong>veniam</strong></span> <span class='ocrx_word' id='word_1_254' title='bbox 1272 3099 1302 3144; x_wconf 87' lang='lat' dir='ltr'><strong>et</strong></span> <span class='ocrx_word' id='word_1_255' title='bbox 1318 3105 1412 3160; x_wconf 86' lang='lat' dir='ltr'><strong>pacem</strong></span> 
     </span>
     <span class='ocr_line' id='line_1_30' title="bbox 308 3163 1411 3234; baseline -0.001 -20"><span class='ocrx_word' id='word_1_256' title='bbox 308 3177 382 3214; x_wconf 88' lang='lat' dir='ltr'><strong>esses</strong></span> <span class='ocrx_word' id='word_1_257' title='bbox 407 3171 589 3226; x_wconf 77' lang='lat' dir='ltr'><strong>consecutur,</strong></span> <span class='ocrx_word' id='word_1_258' title='bbox 617 3163 671 3216; x_wconf 90' lang='lat' dir='ltr'><strong>tibi</strong></span> <span class='ocrx_word' id='word_1_259' title='bbox 697 3179 732 3232; x_wconf 90' lang='lat' dir='ltr'><strong>pe</strong></span> <span class='ocrx_word' id='word_1_260' title='bbox 768 3170 832 3215; x_wconf 87' lang='lat' dir='ltr'><strong>etuo</strong></span> <span class='ocrx_word' id='word_1_261' title='bbox 859 3163 981 3234; x_wconf 84' lang='lat' dir='ltr'><strong>gementi</strong></span> <span class='ocrx_word' id='word_1_262' title='bbox 1001 3163 1188 3233; x_wconf 86' lang='lat' dir='ltr'><strong>trementique</strong></span> <span class='ocrx_word' id='word_1_263' title='bbox 1213 3169 1411 3232; x_wconf 84' lang='lat' dir='ltr'><strong>superterram</strong></span> 
     </span>
     <span class='ocr_line' id='line_1_31' title="bbox 309 3229 1412 3302; baseline 0 -18"><span class='ocrx_word' id='word_1_264' title='bbox 309 3239 338 3284; x_wconf 88' lang='lat' dir='ltr'><strong>et</strong></span> <span class='ocrx_word' id='word_1_265' title='bbox 354 3249 370 3284; x_wconf 86' lang='lat' dir='ltr'><strong>a</strong></span> <span class='ocrx_word' id='word_1_266' title='bbox 388 3233 485 3302; x_wconf 78' lang='lat' dir='ltr'><strong>quovis</strong></span> <span class='ocrx_word' id='word_1_267' title='bbox 505 3233 589 3286; x_wconf 78' lang='lat' dir='ltr'><strong>obvio</strong></span> <span class='ocrx_word' id='word_1_268' title='bbox 606 3234 691 3286; x_wconf 89' lang='lat' dir='ltr'><strong>ictum</strong></span> <span class='ocrx_word' id='word_1_269' title='bbox 709 3235 737 3287; x_wconf 88' lang='lat' dir='ltr'><strong>le</strong></span> <span class='ocrx_word' id='word_1_270' title='bbox 771 3235 869 3287; x_wconf 84' lang='lat' dir='ltr'><strong>iserum</strong></span> <span class='ocrx_word' id='word_1_271' title='bbox 887 3237 1022 3288; x_wconf 90' lang='lat' dir='ltr'><strong>metuenti</strong></span> <span class='ocrx_word' id='word_1_272' title='bbox 1042 3233 1132 3288; x_wconf 85' lang='lat' dir='ltr'><strong>nihilo</strong></span> <span class='ocrx_word' id='word_1_273' title='bbox 1150 3229 1328 3287; x_wconf 83' lang='lat' dir='ltr'><strong>tolerabilior</strong></span> <span class='ocrx_word' id='word_1_274' title='bbox 1348 3234 1412 3295; x_wconf 78' lang='lat' dir='ltr'><strong>vita,</strong></span> 
     </span>
     <span class='ocr_line' id='line_1_32' title="bbox 309 3303 1411 3376; baseline 0.002 -23"><span class='ocrx_word' id='word_1_275' title='bbox 309 3319 393 3375; x_wconf 84' lang='lat' dir='ltr'><strong>quam</strong></span> <span class='ocrx_word' id='word_1_276' title='bbox 418 3303 473 3372; x_wconf 89' lang='lat' dir='ltr'><strong>ipsi</strong></span> <span class='ocrx_word' id='word_1_277' title='bbox 501 3303 589 3358; x_wconf 88' lang='lat' dir='ltr'><strong>Caino</strong></span> <span class='ocrx_word' id='word_1_278' title='bbox 610 3305 716 3358; x_wconf 75' lang='lat' dir='ltr'><strong>luisset.</strong></span> <span class='ocrx_word' id='word_1_279' title='bbox 753 3303 833 3358; x_wconf 82' lang='lat' dir='ltr'><strong>Nunc</strong></span> <span class='ocrx_word' id='word_1_280' title='bbox 852 3306 932 3359; x_wconf 84' lang='lat' dir='ltr'><strong>venia</strong></span> <span class='ocrx_word' id='word_1_281' title='bbox 953 3304 1088 3369; x_wconf 87' lang='lat' dir='ltr'><strong>donatus,</strong></span> <span class='ocrx_word' id='word_1_282' title='bbox 1118 3303 1239 3357; x_wconf 88' lang='lat' dir='ltr'><strong>iucunde</strong></span> <span class='ocrx_word' id='word_1_283' title='bbox 1260 3319 1411 3376; x_wconf 82' lang='lat' dir='ltr'><strong>secureque</strong></span> 
     </span>
     <span class='ocr_line' id='line_1_33' title="bbox 308 3372 1412 3445; baseline 0.001 -20"><span class='ocrx_word' id='word_1_284' title='bbox 308 3389 396 3426; x_wconf 85' lang='lat' dir='ltr'><strong>annos</strong></span> <span class='ocrx_word' id='word_1_285' title='bbox 412 3372 555 3439; x_wconf 81' lang='lat' dir='ltr'><strong>traduces,</strong></span> <span class='ocrx_word' id='word_1_286' title='bbox 585 3392 646 3428; x_wconf 90' lang='lat' dir='ltr'><strong>eum</strong></span> <span class='ocrx_word' id='word_1_287' title='bbox 668 3391 750 3429; x_wconf 86' lang='lat' dir='ltr'><strong>nemo</strong></span> <span class='ocrx_word' id='word_1_288' title='bbox 771 3377 889 3445; x_wconf 86' lang='lat' dir='ltr'><strong>amplius</strong></span> <span class='ocrx_word' id='word_1_289' title='bbox 908 3392 1010 3445; x_wconf 85' lang='lat' dir='ltr'><strong>poenas</strong></span> <span class='ocrx_word' id='word_1_290' title='bbox 1028 3379 1058 3429; x_wconf 85' lang='lat' dir='ltr'><strong>in</strong></span> <span class='ocrx_word' id='word_1_291' title='bbox 1078 3391 1121 3428; x_wconf 91' lang='lat' dir='ltr'><strong>me</strong></span> <span class='ocrx_word' id='word_1_292' title='bbox 1140 3376 1348 3428; x_wconf 84' lang='lat' dir='ltr'><strong>commissorum</strong></span> <span class='ocrx_word' id='word_1_293' title='bbox 1365 3374 1412 3426; x_wconf 81' lang='lat' dir='ltr'><strong>aba</strong></span> 
     </span>
     <span class='ocr_line' id='line_1_34' title="bbox 309 3443 1411 3518; baseline 0.002 -22"><span class='ocrx_word' id='word_1_294' title='bbox 309 3451 338 3496; x_wconf 86' lang='lat' dir='ltr'><strong>to</strong></span> <span class='ocrx_word' id='word_1_295' title='bbox 358 3454 484 3514; x_wconf 87' lang='lat' dir='ltr'><strong>repetere</strong></span> <span class='ocrx_word' id='word_1_296' title='bbox 496 3447 593 3514; x_wconf 83' lang='lat' dir='ltr'><strong>possit</strong></span> <span class='ocrx_word' id='word_1_297' title='bbox 631 3447 769 3500; x_wconf 79' lang='lat' dir='ltr'><strong>Hactenus</strong></span> <span class='ocrx_word' id='word_1_298' title='bbox 790 3447 882 3501; x_wconf 87' lang='lat' dir='ltr'><strong>ldarco</strong></span> <span class='ocrx_word' id='word_1_299' title='bbox 900 3449 1056 3518; x_wconf 84' lang='lat' dir='ltr'><strong>imperator.</strong></span> <span class='ocrx_word' id='word_1_300' title='bbox 1093 3446 1151 3516; x_wconf 83' lang='lat' dir='ltr'><strong>Qui</strong></span> <span class='ocrx_word' id='word_1_301' title='bbox 1167 3453 1326 3515; x_wconf 82' lang='lat' dir='ltr'><strong>praesentes</strong></span> <span class='ocrx_word' id='word_1_302' title='bbox 1345 3443 1411 3498; x_wconf 83' lang='lat' dir='ltr'><strong>ade·</strong></span> 
     </span>
     <span class='ocr_line' id='line_1_35' title="bbox 309 3515 1411 3590; baseline 0.001 -24"><span class='ocrx_word' id='word_1_303' title='bbox 309 3519 388 3579; x_wconf 85' lang='lat' dir='ltr'><strong>rant,</strong></span> <span class='ocrx_word' id='word_1_304' title='bbox 417 3531 478 3566; x_wconf 93' lang='lat' dir='ltr'><strong>cum</strong></span> <span class='ocrx_word' id='word_1_305' title='bbox 493 3533 522 3569; x_wconf 90' lang='lat' dir='ltr'><strong>se</strong></span> <span class='ocrx_word' id='word_1_306' title='bbox 537 3535 637 3570; x_wconf 82' lang='lat' dir='ltr'><strong>novum</strong></span> <span class='ocrx_word' id='word_1_307' title='bbox 659 3516 797 3590; x_wconf 76' lang='lat' dir='ltr'><strong>quoddam</strong></span> <span class='ocrx_word' id='word_1_308' title='bbox 812 3535 896 3588; x_wconf 84' lang='lat' dir='ltr'><strong>genus</strong></span> <span class='ocrx_word' id='word_1_309' title='bbox 919 3519 1014 3572; x_wconf 86' lang='lat' dir='ltr'><strong>mortis</strong></span> <span class='ocrx_word' id='word_1_310' title='bbox 1028 3522 1134 3570; x_wconf 81' lang='lat' dir='ltr'><strong>visrrros</strong></span> <span class='ocrx_word' id='word_1_311' title='bbox 1149 3516 1310 3580; x_wconf 88' lang='lat' dir='ltr'><strong>crederent,</strong></span> <span class='ocrx_word' id='word_1_312' title='bbox 1334 3515 1411 3568; x_wconf 81' lang='lat' dir='ltr'><strong>vide·</strong></span> 
     </span>
     <span class='ocr_line' id='line_1_36' title="bbox 308 3587 1410 3657; baseline 0.001 -21"><span class='ocrx_word' id='word_1_313' title='bbox 308 3593 371 3638; x_wconf 86' lang='lat' dir='ltr'><strong>reut</strong></span> <span class='ocrx_word' id='word_1_314' title='bbox 400 3593 493 3638; x_wconf 85' lang='lat' dir='ltr'><strong>autem</strong></span> <span class='ocrx_word' id='word_1_315' title='bbox 522 3597 631 3657; x_wconf 85' lang='lat' dir='ltr'><strong>praeter</strong></span> <span class='ocrx_word' id='word_1_316' title='bbox 656 3588 817 3657; x_wconf 85' lang='lat' dir='ltr'><strong>opinionem</strong></span> <span class='ocrx_word' id='word_1_317' title='bbox 836 3588 1052 3642; x_wconf 83' lang='lat' dir='ltr'><strong>misericordiam</strong></span> <span class='ocrx_word' id='word_1_318' title='bbox 1070 3589 1162 3642; x_wconf 84' lang='lat' dir='ltr'><strong>Marco</strong></span> <span class='ocrx_word' id='word_1_319' title='bbox 1183 3587 1270 3640; x_wconf 89' lang='lat' dir='ltr'><strong>tribui</strong></span> <span class='ocrx_word' id='word_1_320' title='bbox 1292 3601 1410 3657; x_wconf 84' lang='lat' dir='ltr'><strong>eumque</strong></span> 
     </span>
     <span class='ocr_line' id='line_1_37' title="bbox 309 3655 1409 3729; baseline 0.003 -23"><span class='ocrx_word' id='word_1_321' title='bbox 309 3655 436 3720; x_wconf 81' lang='lat' dir='ltr'><strong>absolvi,</strong></span> <span class='ocrx_word' id='word_1_322' title='bbox 463 3666 492 3710; x_wconf 93' lang='lat' dir='ltr'><strong>et</strong></span> <span class='ocrx_word' id='word_1_323' title='bbox 508 3660 702 3728; x_wconf 84' lang='lat' dir='ltr'><strong>imperatorem</strong></span> <span class='ocrx_word' id='word_1_324' title='bbox 725 3658 760 3712; x_wconf 87' lang='lat' dir='ltr'><strong>de</strong></span> <span class='ocrx_word' id='word_1_325' title='bbox 774 3662 843 3713; x_wconf 88' lang='lat' dir='ltr'><strong>istac</strong></span> <span class='ocrx_word' id='word_1_326' title='bbox 861 3679 919 3729; x_wconf 79' lang='lat' dir='ltr'><strong>sym</strong></span> <span class='ocrx_word' id='word_1_327' title='bbox 942 3659 1017 3712; x_wconf 87' lang='lat' dir='ltr'><strong>nthia</strong></span> <span class='ocrx_word' id='word_1_328' title='bbox 1035 3658 1257 3722; x_wconf 87' lang='lat' dir='ltr'><strong>admirabantur,</strong></span> <span class='ocrx_word' id='word_1_329' title='bbox 1278 3665 1307 3709; x_wconf 91' lang='lat' dir='ltr'><strong>et</strong></span> <span class='ocrx_word' id='word_1_330' title='bbox 1320 3659 1409 3710; x_wconf 77' lang='lat' dir='ltr'><strong>Marco</strong></span> 
     </span>
     <span class='ocr_line' id='line_1_38' title="bbox 309 3679 1410 3803; baseline 0 -25"><span class='ocrx_word' id='word_1_331' title='bbox 309 3727 424 3781; x_wconf 85' lang='lat' dir='ltr'><strong>sulutem</strong></span> <span class='ocrx_word' id='word_1_332' title='bbox 442 3729 659 3798; x_wconf 78' lang='lat' dir='ltr'><strong>gratulabantur.</strong></span> <span class='ocrx_word' id='word_1_333' title='bbox 697 3729 822 3803; x_wconf 79' lang='lat' dir='ltr'><strong>Cumque</strong></span> <span class='ocrx_word' id='word_1_334' title='bbox 846 3679 948 3802; x_wconf 68' lang='lat' dir='ltr'><strong>singuli</strong></span> <span class='ocrx_word' id='word_1_335' title='bbox 966 3731 996 3784; x_wconf 92' lang='lat' dir='ltr'><strong>in</strong></span> <span class='ocrx_word' id='word_1_336' title='bbox 1018 3749 1050 3783; x_wconf 90' lang='lat' dir='ltr'><strong>eo</strong></span> <span class='ocrx_word' id='word_1_337' title='bbox 1071 3729 1239 3783; x_wconf 80' lang='lat' dir='ltr'><strong>beneficium</strong></span> <span class='ocrx_word' id='word_1_338' title='bbox 1259 3728 1315 3781; x_wconf 90' lang='lat' dir='ltr'><strong>sibi</strong></span> <span class='ocrx_word' id='word_1_339' title='bbox 1336 3743 1410 3780; x_wconf 80' lang='lat' dir='ltr'><strong>aoce-</strong></span> 
     </span>
     <span class='ocr_line' id='line_1_39' title="bbox 308 3797 1408 3873; baseline 0.001 -25"><span class='ocrx_word' id='word_1_340' title='bbox 308 3798 383 3868; x_wconf 88' lang='lat' dir='ltr'><strong>pisse</strong></span> <span class='ocrx_word' id='word_1_341' title='bbox 398 3799 568 3864; x_wconf 85' lang='lat' dir='ltr'><strong>viderentur,</strong></span> <span class='ocrx_word' id='word_1_342' title='bbox 587 3801 791 3870; x_wconf 81' lang='lat' dir='ltr'><strong>exclamabant:</strong></span> <span class='ocrx_word' id='word_1_343' title='bbox 813 3803 890 3866; x_wconf 89' lang='lat' dir='ltr'><strong>Tibi,</strong></span> <span class='ocrx_word' id='word_1_344' title='bbox 908 3805 1069 3873; x_wconf 84' lang='lat' dir='ltr'><strong>imperator,</strong></span> <span class='ocrx_word' id='word_1_345' title='bbox 1090 3801 1178 3854; x_wconf 89' lang='lat' dir='ltr'><strong>Deum</strong></span> <span class='ocrx_word' id='word_1_346' title='bbox 1194 3808 1301 3869; x_wconf 88' lang='lat' dir='ltr'><strong>patrem</strong></span> <span class='ocrx_word' id='word_1_347' title='bbox 1314 3797 1408 3870; x_wconf 84' lang='lat' dir='ltr'><strong>appel-</strong></span> 
     </span>
     <span class='ocr_line' id='line_1_40' title="bbox 308 3869 1407 3944; baseline -0.002 -22"><span class='ocrx_word' id='word_1_348' title='bbox 308 3871 366 3922; x_wconf 86' lang='lat' dir='ltr'><strong>lare</strong></span> <span class='ocrx_word' id='word_1_349' title='bbox 390 3873 519 3924; x_wconf 90' lang='lat' dir='ltr'><strong>convenit</strong></span> <span class='ocrx_word' id='word_1_350' title='bbox 537 3880 566 3924; x_wconf 87' lang='lat' dir='ltr'><strong>et</strong></span> <span class='ocrx_word' id='word_1_351' title='bbox 579 3871 613 3924; x_wconf 88' lang='lat' dir='ltr'><strong>ab</strong></span> <span class='ocrx_word' id='word_1_352' title='bbox 636 3890 669 3924; x_wconf 89' lang='lat' dir='ltr'><strong>eo</strong></span> <span class='ocrx_word' id='word_1_353' title='bbox 687 3873 775 3925; x_wconf 87' lang='lat' dir='ltr'><strong>libere</strong></span> <span class='ocrx_word' id='word_1_354' title='bbox 793 3882 969 3944; x_wconf 87' lang='lat' dir='ltr'><strong>peecatorum</strong></span> <span class='ocrx_word' id='word_1_355' title='bbox 987 3873 1096 3925; x_wconf 78' lang='lat' dir='ltr'><strong>reniam</strong></span> <span class='ocrx_word' id='word_1_356' title='bbox 1119 3887 1241 3943; x_wconf 89' lang='lat' dir='ltr'><strong>poscere,</strong></span> <span class='ocrx_word' id='word_1_357' title='bbox 1260 3873 1309 3943; x_wconf 78' lang='grc' dir='ltr'><strong>φιλ</strong></span> <span class='ocrx_word' id='word_1_358' title='bbox 1330 3869 1407 3924; x_wconf 82' lang='lat' dir='ltr'><strong>debi-</strong></span> 
     </span>
     <span class='ocr_line' id='line_1_41' title="bbox 308 3941 1408 4006; baseline -0.001 -13"><span class='ocrx_word' id='word_1_359' title='bbox 308 3941 363 3993; x_wconf 87' lang='lat' dir='ltr'><strong>tori</strong></span> <span class='ocrx_word' id='word_1_360' title='bbox 385 3950 433 3994; x_wconf 92' lang='lat' dir='ltr'><strong>tuo</strong></span> <span class='ocrx_word' id='word_1_361' title='bbox 451 3941 546 3996; x_wconf 82' lang='lat' dir='ltr'><strong>debita</strong></span> <span class='ocrx_word' id='word_1_362' title='bbox 569 3942 708 3996; x_wconf 88' lang='lat' dir='ltr'><strong>dimisisti.</strong></span> <span class='ocrx_word' id='word_1_363' title='bbox 745 3943 795 3997; x_wconf 88' lang='lat' dir='ltr'><strong>ilia</strong></span> <span class='ocrx_word' id='word_1_364' title='bbox 822 3961 853 3997; x_wconf 85' lang='lat' dir='ltr'><strong>ac</strong></span> <span class='ocrx_word' id='word_1_365' title='bbox 867 3944 1005 3997; x_wconf 88' lang='lat' dir='ltr'><strong>similibus</strong></span> <span class='ocrx_word' id='word_1_366' title='bbox 1025 3944 1149 4006; x_wconf 86' lang='lat' dir='ltr'><strong>iactatis,</strong></span> <span class='ocrx_word' id='word_1_367' title='bbox 1177 3950 1329 3996; x_wconf 86' lang='lat' dir='ltr'><strong>conventus</strong></span> <span class='ocrx_word' id='word_1_368' title='bbox 1349 3946 1408 3992; x_wconf 81' lang='lat' dir='ltr'><strong>cuni</strong></span> 
     </span>
     <span class='ocr_line' id='line_1_42' title="bbox 308 4014 1029 4083; baseline 0.007 -18"><span class='ocrx_word' id='word_1_369' title='bbox 308 4019 420 4083; x_wconf 85' lang='lat' dir='ltr'><strong>stupore</strong></span> <span class='ocrx_word' id='word_1_370' title='bbox 437 4021 466 4064; x_wconf 91' lang='lat' dir='ltr'><strong>et</strong></span> <span class='ocrx_word' id='word_1_371' title='bbox 482 4014 581 4082; x_wconf 83' lang='lat' dir='ltr'><strong>gaudio</strong></span> <span class='ocrx_word' id='word_1_372' title='bbox 596 4014 702 4067; x_wconf 88' lang='lat' dir='ltr'><strong>solutus</strong></span> <span class='ocrx_word' id='word_1_373' title='bbox 722 4023 771 4069; x_wconf 83' lang='lat' dir='ltr'><strong>est</strong></span> <span class='ocrx_word' id='word_1_374' title='bbox 1027 4049 1029 4058; x_wconf 82' lang='lat'><em>=</em></span> 
     </span>
    </p>

    <p class='ocr_par' dir='ltr' id='par_1_8' title="bbox 244 4075 1403 4227">
     <span class='ocr_line' id='line_1_43' title="bbox 244 4075 1403 4156; baseline -0.007 -18"><span class='ocrx_word' id='word_1_375' title='bbox 244 4116 247 4123; x_wconf 89' lang='lat'>·</span> <span class='ocrx_word' id='word_1_376' title='bbox 342 4125 345 4132; x_wconf 86' lang='lat'>.</span> <span class='ocrx_word' id='word_1_377' title='bbox 378 4101 402 4138; x_wconf 81' lang='lat' dir='ltr'><strong>a·</strong></span> <span class='ocrx_word' id='word_1_378' title='bbox 423 4085 553 4137; x_wconf 86' lang='lat' dir='ltr'><strong>Ceterum</strong></span> <span class='ocrx_word' id='word_1_379' title='bbox 573 4085 722 4154; x_wconf 86' lang='lat' dir='ltr'><strong>imperator</strong></span> <span class='ocrx_word' id='word_1_380' title='bbox 743 4084 1001 4156; x_wconf 72' lang='lat' dir='ltr'><strong>indignomratus,</strong></span> <span class='ocrx_word' id='word_1_381' title='bbox 1029 4101 1086 4138; x_wconf 88' lang='lat' dir='ltr'><strong>non</strong></span> <span class='ocrx_word' id='word_1_382' title='bbox 1109 4083 1191 4136; x_wconf 84' lang='lat' dir='ltr'><strong>etiam</strong></span> <span class='ocrx_word' id='word_1_383' title='bbox 1215 4099 1230 4133; x_wconf 91' lang='lat' dir='ltr'><strong>a</strong></span> <span class='ocrx_word' id='word_1_384' title='bbox 1254 4075 1403 4148; x_wconf 79' lang='lat' dir='ltr'><strong>patriarcba</strong></span> 
     </span>
     <span class='ocr_line' id='line_1_44' title="bbox 308 4150 1400 4227; baseline -0.004 -22"><span class='ocrx_word' id='word_1_385' title='bbox 308 4153 413 4224; x_wconf 78' lang='lat' dir='ltr'><strong>ignosci</strong></span> <span class='ocrx_word' id='word_1_386' title='bbox 432 4155 583 4225; x_wconf 82' lang='lat' dir='ltr'><strong>episcopis,</strong></span> <span class='ocrx_word' id='word_1_387' title='bbox 601 4171 616 4206; x_wconf 85' lang='lat' dir='ltr'><strong>o</strong></span> <span class='ocrx_word' id='word_1_388' title='bbox 636 4155 739 4227; x_wconf 87' lang='lat' dir='ltr'><strong>quibus</strong></span> <span class='ocrx_word' id='word_1_389' title='bbox 753 4166 812 4209; x_wconf 83' lang='lat' dir='ltr'><strong>erat</strong></span> <span class='ocrx_word' id='word_1_390' title='bbox 831 4155 959 4220; x_wconf 76' lang='lat' dir='ltr'><strong>offensus,</strong></span> <span class='ocrx_word' id='word_1_391' title='bbox 977 4171 1104 4226; x_wconf 78' lang='lat' dir='ltr'><strong>magnum</strong></span> <span class='ocrx_word' id='word_1_392' title='bbox 1119 4155 1300 4207; x_wconf 90' lang='lat' dir='ltr'><strong>domesticum</strong></span> <span class='ocrx_word' id='word_1_393' title='bbox 1311 4150 1400 4210; x_wconf 87' lang='lat' dir='ltr'><strong>mittit,</strong></span> 
     </span>
    </p>
   </div>
   <div class='ocr_carea' id='block_1_4' title="bbox 308 4225 1398 4298">
    <p class='ocr_par' dir='ltr' id='par_1_9' title="bbox 308 4225 1398 4298">
     <span class='ocr_line' id='line_1_45' title="bbox 308 4225 1398 4298; baseline 0.003 -19"><span class='ocrx_word' id='word_1_394' title='bbox 308 4228 356 4295; x_wconf 87' lang='lat' dir='ltr'><strong>qui</strong></span> <span class='ocrx_word' id='word_1_395' title='bbox 376 4225 454 4280; x_wconf 65' lang='lat' dir='ltr'><strong>vetut</strong></span> <span class='ocrx_word' id='word_1_396' title='bbox 472 4243 522 4278; x_wconf 90' lang='lat' dir='ltr'><strong>suo</strong></span> <span class='ocrx_word' id='word_1_397' title='bbox 536 4226 648 4280; x_wconf 87' lang='lat' dir='ltr'><strong>nomine</strong></span> <span class='ocrx_word' id='word_1_398' title='bbox 667 4245 729 4280; x_wconf 88' lang='lat' dir='ltr'><strong>cum</strong></span> <span class='ocrx_word' id='word_1_399' title='bbox 752 4245 785 4281; x_wconf 91' lang='lat' dir='ltr'><strong>eo</strong></span> <span class='ocrx_word' id='word_1_400' title='bbox 807 4227 842 4282; x_wconf 87' lang='lat' dir='ltr'><strong>de</strong></span> <span class='ocrx_word' id='word_1_401' title='bbox 862 4227 1089 4282; x_wconf 84' lang='lat' dir='ltr'><strong>reconciliatione</strong></span> <span class='ocrx_word' id='word_1_402' title='bbox 1113 4232 1222 4298; x_wconf 73' lang='lat' dir='ltr'><strong>ageret3</strong></span> <span class='ocrx_word' id='word_1_403' title='bbox 1247 4241 1280 4296; x_wconf 72' lang='lat' dir='ltr'><strong>ac</strong></span> <span class='ocrx_word' id='word_1_404' title='bbox 1295 4239 1344 4296; x_wconf 87' lang='lat' dir='ltr'><strong>per</strong></span> <span class='ocrx_word' id='word_1_405' title='bbox 1357 4235 1398 4282; x_wconf 72' lang='lat' dir='ltr'><strong>aes</strong></span> 
     </span>
    </p>
   </div>
   <div class='ocr_carea' id='block_1_5' title="bbox 0 0 1542 4934">
    <p class='ocr_par' dir='ltr' id='par_1_10' title="bbox 0 0 1542 4934">
     <span class='ocr_line' id='line_1_46' title="bbox 0 0 1542 4934; baseline 0 2"><span class='ocrx_word' id='word_1_406' title='bbox 0 0 1542 4934; x_wconf 95' lang='lat' dir='ltr'><strong> </strong></span> 
     </span>
    </p>
   </div>
  </div>
 </body>
</html>
