3074 4934
316 221 401 305 312
718 241 1020 329 militemini·

166 413 233 473 tc.
247 409 453 492 ιλιδπορεῖχι
472 399 531 490 τὴν
549 397 773 488 προσήκουσαν
792 391 896 488 ar’rrq'i.
924 395 956 466 οἱ
976 399 1007 463 δ’
1027 389 1120 466 ἄλλοι
1142 391 1318 480 Ῥωμαῖοι,
1336 399 1404 463 καί·

312 524 365 570 τοι
384 499 471 589 παρά
492 501 553 566 τοῦ
571 501 645 567 νέον
665 499 823 584 βασιλέως
842 499 883 564 od
893 496 982 584 πρὸς
1000 498 1173 585 εἰρωνείαν,
1192 497 1263 563 ἀλλ’
1283 495 1405 582 ἀληθεῖς

312 603 583 686 προστεταγμένον
610 596 648 664 τὸ
671 596 776 665 πάντα
804 593 860 664 τδν
885 600 1037 665 ἐθέλοντα
1062 593 1140 683 πρὸς
1165 597 1301 682 βασιλέα
1318 593 1405 682 ἔρχε-

312 705 393 770 σθαι
422 699 479 766 καί
505 693 677 776 ἀκωλύτως
706 707 895 786 προσκυνεῖν
916 692 1034 779 αὐτὸν,
1056 691 1143 778 ὅμως
1163 690 1200 760 οὗ
1222 692 1404 783 προσῄεσαν,

312 799 487 877 δεδοικότες
505 797 552 886 μή
571 822 604 864 τι
625 796 681 864 διὰ
701 801 803 866 ταῦτα
823 795 1010 885 δποπτενθῇ
1037 794 1245 884 νεωτερίζειν.
1277 793 1333 862 τὸν
1350 795 1421 878 pri-5

312 925 374 986 yar
396 901 431 966 δδ
452 902 625 986 λογοθέτην
645 901 807 967 ἐκέλευσεν
828 893 845 962 ὅ
866 894 1017 982 βασιλεάς
1042 899 1089 974 εἰς
1108 894 1342 980 Διδσμὸτειχον
1359 897 1407 962 ἕλ-

282 1001 436 1083 Βθόντα,
459 1001 494 1071 ἐν
513 995 565 1068 ἔνι’
581 1003 646 1067 τοῖν
667 993 780 1065 οάτδθι
802 999 1052 1088 φροντιστηρίων
1073 998 1267 1081 διατρίβειν.
1298 997 1353 1061 καί
1369 989 1407 1082 ἦν

311 1091 389 1188 ἄχρι
409 1099 503 1179 τινός
524 1098 633 1166 ἔπειτα
645 1095 830 1185 συγγνώμης
849 1099 905 1164 καί
919 1095 1017 1174 αὐτὸς
1033 1092 1151 1180 τοχιδν,
1172 1097 1219 1171 εἰς
1234 1095 1408 1175 Βυζάντιον

310 1197 498 1268 ἐπανελθών
518 1201 677 1287 διέτριβεν
698 1199 790 1265 οἴκοι.
809 1197 868 1283 τὴν
881 1194 1064 1276 Βυζαντίον
1083 1197 1120 1260 δὲ
1139 1187 1242 1281 ἀρχὴν
1261 1190 1308 1282 rq'i
1327 1217 1409 1280 προι-

310 1296 501 1385 τοστράτορι
520 1299 680 1386 παρέσχεν
702 1297 720 1364 o‘
739 1296 907 1382 βασιλεύς.
937 1295 1008 1362 ἐπεί
1027 1297 1064 1360 δὲ
1084 1298 1160 1382 καθ’
1180 1291 1439 1377 deauratarum

311 1389 460 1482 ἀλληλοις
477 1397 595 1485 χρόνον
614 1395 645 1463 οἱ
662 1403 804 1482 βασιλεῖς
830 1393 933 1463 πολλοὶ
957 1398 1021 1462 τάν
1047 1394 1229 1483 προσόντων
1247 1401 1316 1472 τοῖς
1335 1417 1408 1459 σον-

310 1499 410 1562 οὕσιν
423 1492 563 1588 ἑκατέρη
583 1497 639 1564 ἀπ’
658 1491 804 1583 ἀλλήλων
826 1496 1023 1584 διηρπάσθη,
1046 1499 1099 1562 ἴνα
1118 1491 1163 1581 μη
1187 1493 1346 1581 διαφοραί
1362 1491 1408 1577 γί-

308 1617 432 1684 γνοιντο
449 1595 570 1681 μεταξὺ
590 1597 784 1686 ἀμφοτέρων
804 1599 868 1663 τάν
886 1597 994 1682 μερῶν
1012 1592 1055 1662 τοὶ
1076 1597 1177 1662 οἰκεῖα
1193 1589 1408 1672 ἒπανασάζειν

307 1697 530 1782 πειρωμένων,
551 1696 815 1783 προμηθούμενος
836 1695 854 1762 δ
875 1692 1027 1781 βασιλεῦς
1046 1699 1122 1782 περί
1140 1695 1200 1778 μὲν
1219 1695 1285 1759 τοῖν
1306 1713 1408 1757 arrou-

309 1798 415 1880 μένων
435 1795 580 1862 ἐκέλευσε
600 1799 722 1882 μηδένα
742 1801 859 1876 ἐξεῖναι
878 1798 994 1882 μηδενὶ
1014 1794 1137 1880 ὄχλεϊν,
1168 1793 1240 1860 ἀλλ’
1260 1793 1320 1884 ἕρῖν
1337 1787 1439 1868 rodald

308 1891 443 1980 ἔχοντας
470 1900 692 1983 καρποῦσθαι·
727 1895 767 1962 τὰ
792 1899 830 1962 ’δ’
860 1891 992 1982 ἀκίνητοι
1011 1889 1273 1976 ε’πανασάζεσθαι
1293 1893 1410 1970 τοῖςέξ

277 1997 414 2080 οάρχῆς
440 1994 578 2083 κυρίοις.
615 1997 672 2061 καί
698 1995 814 2063 τούτου
840 1994 1031 2082 ἐπιμελητὴν
1057 1993 1117 2062 τδν
1143 1990 1409 2082 πρωτοστράτορα

308 2095 367 2160 τοῦ
388 2093 572 2174 Βυζαντίον
593 2085 736 2182 ἄρχοντα
752 2097 915 2162 ἐκέλευσεν
934 2090 1027 2168 εἶναι.
1047 2092 1132 2179 μετά
1152 2097 1247 2161 τοῦτο
1269 2093 1410 2180 ἀπῆλθεν

308 2192 356 2269 εἰς
374 2193 586 2280 πατριάρχην,
607 2189 677 2276 ἅμα
696 2198 757 2278 μὲν
777 2189 1020 2281 εὗχαριστησων
1040 2189 1125 2285 αι’πῷ
1144 2191 1201 2259 καί
1219 2191 1345 2269 οἰκείως
1359 2191 1411 2256 καί

309 2295 444 2380 φιλικῶς
464 2295 725 2379 προσομιλῆσαι·
769 2294 863 2382 (κατὰ
891 2292 954 2382 γὰρ
984 2293 1042 2380 τήν
1069 2293 1198 2383 πρωτην
1225 2295 1443 2377 σαντοχάινμο
1510 2326 1511 2330 ’

307 2393 368 2458 tori
388 2394 504 2476 καιροῦ
523 2394 580 2460 καί
603 2397 667 2459 τοῖν
685 2396 879 2482 πραγμάτων
905 2395 965 2459 oda
992 2394 1139 2479 ἐώντων,
1173 2391 1249 2461 ὅσον
1268 2393 1410 2481 ἀφοσιώ-

307 2495 433 2558 σασθαι
450 2489 550 2575 μόνον
570 2491 758 2578 ἐποιήσαντο
778 2494 837 2580 την
858 2493 985 2578 ὁμιλίαν
993 2499 1018 2586 ·)
1052 2492 1123 2578 ἅμα
1142 2497 1172 2560 δ’
1193 2496 1246 2560 ἵνα
1273 2493 1334 2560 καί
1350 2501 1412 2571 τοῖς

309 2591 525 2678 ἀρχιερεῦσιν,
546 2591 581 2658 ot
598 2594 702 2660 αάτοιῖ
721 2597 951 2680 ἐκβαλλομένοο
968 2597 1029 2661 rod
1041 2596 1278 2682 πατριαρχείσο
1295 2593 1354 2660 καί
1368 2595 1411 2672 εἰς

310 2689 528 2782 δεσμωτήριον
550 2691 647 2761 οἱονεί
666 2694 867 2781 ἀπαγομένων
873 2745 886 2780 ,
917 2693 955 2760 οδ
984 2691 1084 2780 μόνον
1103 2694 1301 2780 ἀντέστησαν
1322 2687 1411 2759 οὐδὲν

308 2893 413 2951 Verum
430 2899 584 2964 enimvero,
604 2915 768 2970 quamquam
787 2899 938 2968 imperator
947 2915 1005 2951 non
1022 2897 1096 2964 dcte,
1113 2897 1162 2952 aed
1177 2915 1212 2952 ex
1226 2898 1322 2952 animo
1335 2913 1410 2950 man-

309 2965 438 3032 daverat,
465 2978 497 3023 ut
517 2970 601 3024 liberi
621 2979 713 3024 errent
733 2968 768 3020 ad
788 2985 867 3024 avum
890 2970 981 3024 aditur
1003 2987 1034 3022 ac
1053 2971 1255 3030 ralutationea,
1281 2969 1410 3022 accedere

308 3043 402 3092 lamen
417 3041 530 3092 Romani
547 3058 605 3094 uon
623 3039 777 3094 audebant:
796 3041 872 3111 quod
890 3039 1087 3104 formidarent,
1110 3057 1146 3093 ue
1164 3041 1201 3092 ob
1223 3041 1253 3094 ld
1272 3041 1353 3114 quari
1369 3055 1411 3092 re·

309 3125 370 3164 ram
389 3127 522 3164 novarum
543 3111 638 3182 cupidi
657 3111 815 3182 suspicione
835 3111 999 3164 laborarent
1035 3112 1165 3181 Magnum
1179 3111 1349 3182 logothetam
1361 3111 1410 3162 ut·
1523 3170 1524 3175 ¹

310 3177 502 3248 dymotichum
528 3181 629 3234 abduci
657 3189 687 3234 et
713 3183 744 3234 in
768 3181 864 3254 aliquo
889 3181 1057 3235 monasterio
1080 3183 1166 3234 vitam
1190 3185 1296 3254 agitare
1320 3182 1409 3234 iurrit.

309 3249 348 3302 Et
366 3251 481 3320 agitarit
498 3253 612 3323 quidem
636 3252 677 3306 ibi
695 3252 732 3304 ed
749 3260 872 3322 tempus,
900 3253 988 3306 donec
1005 3254 1089 3306 etiarn
1108 3255 1168 3322 ipre
1185 3255 1296 3306 veniam
1314 3268 1410 3306 conae·

311 3327 391 3373 cutur
410 3323 628 3396 Byzantiumque
644 3324 818 3394 postliminio
837 3341 974 3389 revertur,
994 3325 1052 3376 illic
1069 3323 1207 3394 reliquum
1225 3323 1326 3377 aetalia
1344 3340 1410 3376 exe-

308 3391 358 3514 qit.
387 3390 560 3446 Praefectura
577 3394 653 3446 urbia
666 3402 894 3474 pmtortratorem
906 3393 1104 3449 cohonestavit
1130 3396 1165 3447 Et
1178 3397 1322 3467 quoniam,
1336 3395 1407 3448 bello

330 3470 442 3526 urente,
472 3471 651 3536 utrarumque
674 3467 796 3535 partium
823 3483 952 3537 aequarer
976 3467 1063 3519 multa
1083 3467 1201 3520 invicem
1219 3468 1408 3538 diripuerant,

309 3547 347 3585 ne
363 3532 428 3597 litor
451 3543 481 3589 et
499 3537 701 3590 controversiae
723 3547 918 3604 nascerentur,
948 3538 1013 3590 dum
1032 3553 1082 3590 aua
1100 3554 1261 3608 recuperare
1287 3546 1316 3590 et
1335 3535 1365 3588 hi
1382 3541 1409 3587 et

309 3602 354 3658 illi
372 3605 505 3671 student,
528 3608 644 3678 provide
662 3609 772 3672 statuit,
798 3616 831 3660 ut
848 3610 882 3662 de
901 3608 1054 3664 mobilibur
1069 3610 1176 3661 nemini
1196 3610 1325 3679 cuiquam
1345 3608 1408 3659 lice·

309 3683 354 3727 ret
373 3675 506 3731 exhibere
524 3680 677 3750 negotium,
704 3677 755 3732 aad
772 3678 940 3734 habentibus
958 3679 1197 3750 relinquerentur:
1224 3697 1267 3732 rer
1285 3680 1338 3732 ooli
1360 3695 1408 3730 an·

309 3751 367 3798 tem
391 3746 426 3799 ad
446 3757 553 3802 reterer
578 3767 747 3818 porreraorea
771 3751 912 3815 redirent,
939 3768 1054 3824 eamque
1071 3749 1293 3820 procurationem
1312 3757 1406 3820 proto·

309 3821 421 3872 rtratori
445 3819 531 3875 dedic
568 3822 631 3873 Port
657 3819 724 3875 haec
742 3823 777 3875 ad
795 3821 978 3893 patriarcham
1001 3822 1088 3885 adiit,
1115 3832 1174 3875 tum
1203 3830 1235 3874 ut
1261 3823 1287 3874 ei
1311 3821 1404 3892 gratian

308 3899 419 3958 ageret,
443 3891 674 3964 familiariterque
695 3901 724 3947 et
746 3903 870 3948 amanter
898 3911 959 3946 curn
983 3911 1016 3947 eo
1036 3894 1249 3964 colloqueretur,
1274 3892 1316 3964 (id
1335 3893 1404 3944 enim

308 3961 401 4029 priore
427 3979 590 4032 congressu,
616 3963 682 4035 quia
701 3972 809 4034 tempua
835 3975 864 4018 et
891 3981 934 4018 rea
959 3983 1016 4018 non
1040 3963 1186 4027 tinebant,
1219 3962 1403 4034 perfunctorie

309 4029 454 4105 fecerant)
474 4041 533 4088 tum
553 4043 584 4085 ut
601 4035 710 4088 reniam
729 4037 866 4107 episcopia
885 4038 1061 4106 impetraret,
1080 4037 1142 4108 qui,
1160 4035 1225 4087 dum
1243 4037 1303 4156 ipre
1321 4052 1338 4086 e
1356 4051 1403 4103 pa-

308 4101 439 4155 triarchio
458 4103 561 4156 eicctua
580 4107 705 4157 velutin
726 4124 859 4160 carcerom
878 4107 1104 4168 concluderetur,
1129 4123 1184 4158 non
1202 4123 1246 4158 mo
1268 4125 1283 4158 o
1302 4121 1331 4158 ae
1349 4119 1401 4156 nou

309 4183 504 4246 opposuerant,
521 4192 614 4228 rerum
627 4179 711 4230 etiam
724 4193 774 4248 pro
788 4177 863 4233 virili
879 4195 937 4244 aua,
955 4186 986 4232 ut
999 4177 1219 4242 concluderetur,
1235 4177 1401 4231 adiuverunt.
