3074 4946
476 329 764 400 ussroarsnnu
794 337 835 398 u.
857 343 909 406 ss.
1153 307 1239 428 375

143 483 284 572 ’άέχρῆν
309 483 411 552 αδτόν
430 485 467 552 bt
484 489 547 554 sot
565 487 725 574 δημοσίων
745 491 802 576 τῆς
826 487 913 558 Χίου
937 487 1048 580 φόρων
1064 491 1312 578 teutsinus-(t
1323 511 1390 584 itaq

144 583 288 670 ἐτησίας,
303 583 502 672 προσήκοντα
520 589 557 653 ἐκ
571 588 718 677 πατρῴου
738 589 867 676 κλήρου,
881 583 956 676 ἧκεν
974 591 1018 670 σός
1031 597 1166 677 βασιλέα
1183 593 1241 681 τὴν

142 682 276 790 ’άδικιόρν
299 685 442 768 δγκαλοῖν
460 690 503 776 τῷ
524 682 653 777 άδελφῷ
673 685 729 754 καί
744 698 854 773 τυχεῖν
877 689 1025 773 δεόμενος
1046 695 1242 781 ἐπικουρίας.

141 783 348 868 γραμματεῖά
360 809 393 850 τε
414 785 537 852 ἐδείκνυ
563 785 714 874 άσοφῶς
741 785 859 874 πολλὴν
876 791 937 854 τοῦ
952 790 1093 879 άδελφοῦ
1109 792 1242 878 κοίτην

19 907 20 912 ’
121 877 273 952 titanios
289 883 457 971 κατηγόρει
477 886 604 975 κοίτην
618 886 854 975 α’γνωμοοόνην.
868 889 1020 973 βασιλικός
1035 894 1071 957 oa
1091 895 1242 978 ἐπηγγέλ-

141 979 213 1047 λετό
224 1005 258 1048 τε
271 987 466 1071 τιμωρήσειν
484 982 571 1076 αὐτῷ
586 989 640 1075 ἐφ’
651 981 697 1067 οἷς
717 983 875 1054 άδικείται
893 985 1085 1078 ἀφικόμενος
1096 996 1170 1075 ἐκεῖ,
1188 991 1245 1058 καί

142 1077 241 1160 αότός
260 1084 354 1150 stata
377 1078 470 1170 ἦττον
485 1084 506 1152 οἳ
524 1087 612 1175 παρά
633 1085 808 1175 Μαρτίνοο
826 1090 983 1157 ἀδικεῖται
1005 1091 1243 1178 άπολήψισθαι.

225 1181 270 1250 ια’.
292 1184 556 1270 Παρεσκιυάζετο
567 1190 628 1270 μὲν
643 1183 699 1254 οόν
715 1187 828 1267 στόλος
847 1192 937 1257 πέντε
955 1190 1011 1256 καί
1026 1185 1134 1258 ἑκατόν
1152 1193 1274 1276 vastae,
1285 1215 1340 1274 930

139 1273 187 1349 τόν
202 1276 285 1370 ἦσαν
301 1278 396 1373 ὀλίγῳ
413 1281 569 1366 ἐλάσσους
585 1289 630 1365 εἷς
654 1287 714 1368 τάς
730 1289 788 1356 δόο
805 1291 923 1376 μοίρας
943 1288 1064 1379 διῆρεις
1081 1290 1139 1358 καί
1148 1290 1239 1380 τριὴ-
1246 1311 1278 1361 v.
1288 1313 1337 1364 185

99 1393 221 1469 ιορεις,
249 1375 345 1463 ἐξόν
365 1379 449 1469 ἦσαν
466 1385 645 1473 ἱππαγωγοὶ
663 1387 745 1456 όκτοό
761 1383 897 1475 ἄγουσαι
916 1391 1102 1480 τριακοσίαν
1124 1392 1265 1467 tunore

137 1479 176 1548 αἱ
199 1479 310 1548 λοιπαί
332 1483 369 1549 δὲ
392 1487 543 1575 μονήρεις
566 1484 661 1576 ἦσαν.
691 1488 762 1556 ἕπετ’
776 1492 812 1556 δὲ
833 1495 1131 1580 παρεσκευασμέναι
1149 1486 1245 1577 ἦσαν,

136 1581 200 1668 τήν
221 1605 257 1646 τε
282 1584 380 1649 ἵππον
397 1586 580 1670 ἐσεκόμιζον
596 1587 652 1655 καί
675 1588 716 1656 τά
742 1584 825 1656 ἄλλα
842 1590 1019 1678 ἐπιτήδεια.
1038 1585 1081 1678 ἦν
1097 1615 1133 1658 τε
1149 1588 1246 1675 άμιλ-

136 1685 181 1746 λα
206 1681 305 1768 πολλὴ
323 1691 390 1760 τοϊς
410 1687 639 1774 τριηράρχοις,
668 1685 805 1756 ἑκάστου
830 1695 1084 1778 φιλονεικοῦντος
1111 1698 1246 1758 πολυτε-

137 1779 209 1870 λείρ
232 1785 294 1847 καί
321 1778 522 1872 λαμπρότητι
539 1792 743 1875 παρασκευῆς
758 1786 835 1864 roric
858 1782 974 1866 ἄλλους
993 1789 1245 1876 ὑπερβαλέσθαι·

102 1879 197 1952 λόκαό
216 1880 256 1947 τά
282 1904 319 1946 τε
347 1875 429 1948 ἄλλα
451 1884 638 1973 ἐξηρτύοντο
667 1886 747 1975 πρός
770 1886 807 1954 τό
835 1893 1166 1975 μεγαλοπρεπέστερον
1190 1888 1248 1955 καί

141 1979 178 2048 τά
199 1979 398 2069 πληρώματα
426 1985 585 2067 ἐκόσμουν
612 1987 706 2066 ἰδίοις
724 1988 930 2082 παραοῄμοις
949 1987 984 2054 ἔν
1004 2011 1040 2054 τε
1061 1982 1170 2064 όπλοις
1188 1989 1247 2054 καί
1273 2039 1275 2046 .

139 2081 278 2149 άσπίσιν.
319 2073 403 2168 η’σάν
422 2082 483 2171 γάρ
506 2079 544 2150 οό
565 2087 630 2153 τάν
649 2085 832 2172 τυχόντων,
853 2084 936 2152 esst
957 2089 1075 2155 τόντε
1096 2087 1263 2171 εόγείάνο

135 2183 196 2246 καί
220 2179 346 2265 μεγάλα
374 2183 572 2268 δυνομένων.
621 2189 792 2253 συνέπλεον
818 2189 855 2255 δλ
876 2189 920 2276 τῷ
940 2194 1072 2272 βασιλεῖ
1086 2179 1124 2251 osi
1145 2185 1243 2268 μόνον

133 2280 267 2349 όπλίται
286 2285 342 2349 καί
362 2282 459 2368 ψιλός
486 2285 603 2371 πολός,
625 2283 707 2368 ἄλλά
727 2287 792 2352 τεόν
807 2309 841 2353 τι
862 2289 1076 2373 συγκλητικῶν
1096 2286 1155 2351 oria
1175 2283 1241 2352 όλί-

87 2406 208 2468 aoros,
247 2383 304 2450 καί
332 2389 534 2472 στρατιωτῶν
555 2386 595 2453 οδ
617 2385 718 2470 μόνον
746 2387 777 2454 οἱ
806 2383 1000 2474 χρησόμενοι
1025 2393 1091 2464 τοίς
1120 2385 1240 2468 ἵπποις,

133 2477 221 2549 ἀλλὰ
243 2485 298 2549 καί
317 2475 411 2560 ἄλλος
431 2479 543 2568 όμιλος
562 2485 670 2564 πολός.
701 2486 772 2553 ἐπεί
790 2489 827 2554 δὲ
847 2486 951 2553 πάντα
971 2477 1033 2572 ἤδη
1053 2479 1240 2572 ἐπεπόριστο

134 2583 197 2648 καί
215 2581 314 2650 setta.
329 2585 431 2650 ἐνέδει
451 2583 508 2669 ἔτι,
528 2579 664 2674 άραντες
683 2591 720 2654 ἐκ
739 2589 924 2670 Βυζαντίου
946 2584 1056 2652 ἔπλεον
1076 2584 1133 2650 ἐπὶ
1146 2583 1241 2650 Χίον.
1336 2661 1338 2664 ¹

133 2673 268 2766 γνώμην
289 2683 324 2749 δὲ
345 2677 430 2768 εἶχεν
445 2679 462 2750 ό
479 2683 640 2769 βασιλεός,
662 2685 708 2764 ὥς
728 2681 769 2771 ἢν
789 2685 994 2774 όΜαρτδνος
1014 2680 1069 2750 τόν
1088 2681 1241 2750 ἐπίπλουν

134 2781 333 2868 πυθόμενος,
361 2783 436 2872 πρίν
456 2786 502 2864 εἰς
521 2784 580 2871 τὴν
599 2789 696 2873 νῆσον
715 2787 872 2874 κατᾶραι,
901 2780 1058 2874 ἀφίκηται
1077 2778 1159 2875 πρὸς
1180 2779 1240 2848 αὖ·

136 2992 196 3049 aibi
214 2993 245 3048 in
260 3011 347 3052 annos
369 2995 491 3068 singulos
510 2991 681 3049 hereditario
705 2995 766 3048 inre
785 2993 820 3048 de
837 2993 961 3066 publicis
985 2991 1169 3066 vectigalibus
1187 2991 1239 3044 de-

136 3066 287 3132 bebantur¹
298 3065 456 3140 quibusque
468 3067 502 3118 ab
520 3065 617 3120 eodem
633 3063 773 3120 fraudatus
790 3074 857 3129 erat,
870 3065 905 3118 aci
920 3065 929 3116 i
979 3072 1115 3116 eratorms
1128 3081 1158 3118 ae
1171 3080 1240 3116 con·

138 3139 225 3202 tulit,
248 3135 341 3190 fratria
360 3135 537 3209 iniquitatem
560 3153 689 3190 accusans
708 3145 737 3190 et
754 3137 888 3188 auxilium
907 3135 1048 3208 flagrtans:
1066 3136 1134 3208 qbin
1155 3135 1239 3186 etiam

136 3207 249 3274 litteras
270 3207 413 3271 exbibens,
435 3207 537 3279 quibus
554 3209 650 3278 magna
669 3209 745 3260 iilius
766 3207 905 3261 iniustitia
922 3205 1140 3279 improbitasque
1159 3220 1238 3258 coar-

140 3278 283 3333 'uebatun
317 3281 468 3347 Imperator
487 3289 515 3333 et
533 3297 572 3343 se,
590 3279 639 3330 ubi
657 3297 690 3332 co
708 3279 838 3343 venisset,
860 3277 947 3331 scelus
966 3277 1184 3342 vindicaturum,
1209 3283 1239 3329 et

136 3297 320 3403 benedictum
338 3352 484 3420 pecuniam
502 3353 680 3405 interveram
699 3358 873 3420 recepturum
891 3349 1026 3438 promisit
1283 3361 1287 3368 ·

216 3439 256 3476 ιι.
292 3423 389 3487 itaque
408 3421 499 3473 classis
518 3431 627 3474 centurn
646 3431 674 3474 et
693 3423 816 3494 quinque
834 3437 947 3474 narsum
966 3417 1191 3492 comparabatur,
1221 3433 1238 3470 e

138 3489 243 3564 quibus
261 3493 344 3562 paulo
363 3493 505 3568 paucioqes
525 3501 603 3545 erant
621 3491 738 3546 duorum
756 3509 904 3578 generum,
927 3491 1046 3545 biremes
1065 3499 1093 3543 et
1112 3489 1237 3543 triremes

136 3561 286 3628 videlicet,
316 3571 345 3615 et
368 3579 401 3614 εκ
424 3562 468 3614 bis
485 3562 633 3634 hippagogi
652 3572 734 3628 octo,
762 3579 792 3615 sn
811 3564 845 3616 iis
866 3563 932 3636 eq'ui
951 3561 1087 3626 trecenti,
1113 3560 1239 3630 retiquae

139 3635 290 3689 uniremes.
337 3631 386 3686 iiis
412 3635 535 3704 puratis,
562 3637 718 3708 equitatum
737 3641 764 3687 et
785 3633 889 3687 cibaria
908 3633 1049 3703 imposuit.
1086 3631 1158 3684 Tum
1183 3647 1241 3703 non

137 3705 212 3757 levis
233 3708 375 3758 contentio
401 3703 560 3757 trierarcbis
576 3705 695 3770 incidit,
723 3703 789 3758 dum
814 3704 936 3777 quilibet
955 3713 1059 3758 ceteros
1079 3718 1138 3752 sum
1161 3709 1241 3752 tuoao

137 3785 273 3846 apparatu
286 3793 414 3845 superare
430 3779 539 3840 nititur,
557 3785 586 3828 et
603 3793 663 3830 cum
680 3777 734 3827 alia
751 3771 894 3846 magnifice
913 3775 1037 3838 instruit,
1054 3780 1113 3824 tum
1129 3719 1242 3822 eberta-
1260 3813 1264 3822 .

135 3848 245 3904 ‘riorum
264 3863 336 3898 arma
355 3853 384 3900 et
403 3847 513 3916 clypeos
532 3847 589 3898 suis
613 3847 771 3918 insignibus
799 3852 933 3899 exornat:
960 3862 1012 3897 nec
1037 3845 1110 3895 enim
1134 3839 1169 3893 de
1194 3841 1241 3892 in-

137 3919 206 3972 fima
224 3916 325 3988 plebe,
348 3917 398 3970 sed
411 3919 464 3970 viri
484 3917 593 3971 nobiles
612 3925 642 3971 et
659 3916 809 3970 admodum
827 3917 934 3986 copiosi
954 3920 1039 3968 crant.
1069 3910 1242 3982 Navigabant

133 3977 223 4060 boreo
250 4005 310 4040 cum
337 3988 501 4058 imperatore
519 4007 576 4042 non
601 3989 684 4042 morlo
709 3990 796 4060 gravis
826 3995 855 4039 et
879 3986 947 4040 levis
970 3991 1123 4037 armaturae
1141 3981 1243 4046 multi,

44 4109 54 4116 ,
135 4059 320 4111 verumetiam
344 4058 379 4111 de
404 4058 563 4129 proceribus
590 4077 647 4112 non
666 4058 764 4130 pauci,
789 4065 819 4110 et
836 4064 976 4128 praetere
998 4055 1069 4106 uites
1090 4051 1241 4104 multitudo

135 4129 210 4185 item
228 4147 285 4183 non
304 4131 468 4200 spernenda.
506 4131 644 4185 Omnibus
663 4131 716 4184 rite
733 4129 852 4253 paratis,
879 4127 1010 4196 Byzantio
1028 4125 1089 4177 vela
1107 4125 1137 4176 in
1153 4122 1240 4175 altum

138 4199 255 4264 desitos,
272 4216 381 4253 cursum
397 4201 428 4254 iu
446 4199 546 4252 Chium
565 4199 696 4270 dirigunt
753 4207 876 4252 tatuerst
892 4214 956 4251 vcro
976 4199 1145 4268 imperator,
1162 4200 1195 4245 ut
1214 4193 1239 4250 ss

138 4265 291 4337 Martinus,
307 4271 426 4326 adventu
447 4273 540 4325 classis
558 4267 671 4337 ausitto,
689 4271 851 4342 priusquam
871 4269 901 4324 in
918 4270 1038 4324 maulam
1056 4264 1238 4321 descendere·
