3082 4940
325 303 409 392 556
723 337 1004 405 transennam

172 497 234 554 tc.
248 503 308 573 1341
322 489 420 557 πολλά
439 493 615 576 καταβοῶν,
637 491 779 581 ἀποδράς
803 485 902 582 ηἰχετο
924 491 1003 582 πρὸς
1018 487 1171 577 Ἰταλίαν,
1190 497 1248 561 καί
1266 515 1416 582 συμφρο-

246 602 253 615 ’
320 591 417 676 νήσας
438 591 594 668 Λατίνοις
623 589 728 678 ὥσπερ
757 593 813 658 καί
831 594 1004 680 πρότερον,
1037 593 1205 669 ἐπίσκοπος
1230 593 1287 658 εἴπ’
1305 589 1416 660 adadu

314 687 451 776 Ἱέρακος
469 687 646 777 ἀνεδείχθη.
668 692 724 757 καί
740 693 777 757 ού
797 698 901 781 πολλῷ
915 690 1046 779 ύστερυν
1057 695 1088 758 Γ
1085 691 1233 779 ρηγύριύς
1243 717 1293 768 τις
1306 695 1413 780 ἕτερος

316 788 458 874 μοναχός
485 791 668 868 Ἀκίνδυνος
690 795 943 877 δπικεκλημίνσς,
972 789 1120 877 ὄμιλητής
1142 789 1303 876 Βαρλαάμ
1328 789 1411 856 κατά

317 885 372 973 τήν
392 887 452 967 ἔξω
470 895 588 979 σοφίαν
601 894 799 976 γεγενημένος
829 891 885 958 καί
900 892 998 957 πολύν
1017 893 1104 978 αύτῷ
1117 889 1272 978 φαιτήσας
1282 887 1432 978 χρόνον,5

315 991 380 1052 ’τάν
396 990 516 1054 ἐκείνου
534 992 696 1078 διαφορῶν
710 984 756 1056 ola
774 994 926 1077 διηνέχθη
937 988 1191 1078 πρύςΠαλαμοῖν
1206 984 1409 1073 ἀντεποιήθη·

219 1101 248 1159 Ρ.
255 1099 308 1164 337
315 1089 483 1172 συνέβαινε
503 1091 539 1154 δέ
556 1115 590 1155 τι
606 1097 725 1174 γελοῖον
740 1092 814 1177 περί
832 1089 940 1158 αύτύν.
960 1088 1120 1174 Βαρλαάμ
1135 1091 1194 1170 μὲν
1203 1086 1267 1173 γάρ
1282 1086 1412 1152 niueos!-

316 1209 368 1250 ετο
395 1189 440 1276 τῷ
470 1185 569 1278 λόγῳ,
610 1181 669 1254 κάν
697 1215 747 1266 τις
773 1187 853 1275 πρὸς
881 1185 982 1254 αύτὸν
1003 1187 1048 1264 ὥς
1067 1187 1108 1252 τά
1131 1189 1251 1253 ἐκείνου
1273 1190 1409 1272 φρονοίη

315 1287 418 1370 λύγοι,
449 1284 506 1373 τήν
526 1293 693 1354 κοινωνίαν
722 1313 757 1353 τε
779 1284 957 1354 derbisire
984 1290 1040 1352 καί
1058 1284 1224 1372 κατηγόρει
1244 1281 1410 1369 Βαρλαάιι

315 1385 359 1460 ὥς
379 1387 481 1462 κακούς
502 1389 769 1475 φρονούντοςκαί
787 1381 980 1466 άπεναντιλος
999 1395 1064 1462 τοῖς
1085 1386 1258 1472 άνίοιςῄτῇ
1276 1386 1307 1448 δ’
1328 1379 1448 1467 aliq-10

313 1483 386 1574 θείη
407 1485 564 1570 κατάκρας
584 1485 691 1573 ἐκείνῳ
724 1485 891 1570 ἠκολούθει
917 1488 973 1550 καί
999 1486 1095 1552 ούδὲν
1123 1477 1144 1569 ή
1163 1481 1279 1570 μικρὸν
1299 1479 1320 1568 ἢ
1339 1490 1410 1563 μεῖ-

317 1583 371 1661 ζον
392 1583 572 1668 διεφέρετο.
614 1578 713 1658 αύθις
734 1586 770 1649 δὲ
790 1583 930 1660 στάσεως
958 1581 1038 1649 κατὰ
1064 1582 1123 1668 τήν
1142 1583 1309 1666 ἐκκλησίαν
1330 1575 1410 1646 deu-

316 1684 494 1766 φυομένης,
525 1681 560 1746 ἐν
579 1683 672 1769 δεινῷ
691 1684 856 1764 τιθέμενος
877 1681 894 1747 o‘
916 1678 1134 1769 πατριάρχης,
1160 1683 1191 1747 εἰ
1209 1678 1264 1746 διά
1284 1679 1344 1766 τήν
1362 1703 1407 1743 τι·

314 1803 378 1844 νων
409 1779 605 1864 φιλονεικίαν
637 1779 746 1865 νοσοίη
779 1780 835 1845 καί
861 1783 1045 1868 ταράττοιτο
1075 1778 1117 1846 τά
1146 1781 1203 1865 τής
1232 1778 1408 1863 ἐκκληοάις,

313 1879 448 1945 σύνοδον
468 1877 524 1944 καί
543 1871 640 1956 αύθις
657 1881 809 1968 δευτέραν
830 1879 1036 1968 συναθροίζει
1055 1878 1135 1946 κατά
1156 1878 1212 1944 adv
1229 1872 1328 1944 αύτύν
1349 1877 1449 1960 τήςιᾶ

313 1981 393 2043 θεοῦ
414 1976 534 2065 Σοφίας
554 1977 651 2062 νεύν,
689 1981 951 2065 συνεδριάζοντος
974 1979 1062 2070 αύτῷ
1081 1982 1137 2045 καί
1154 1978 1292 2064 μεγάλου
1314 1979 1410 2058 δομι-

313 2078 421 2140 στίκου
463 2075 520 2142 καί
548 2071 617 2143 duos
657 2077 838 2164 ἐπεδήμουν
873 2081 1039 2168 Βυζαντίῳ
1074 2081 1137 2144 τάν
1172 2081 1407 2163 aasumensi».

285 2175 415 2244 Βτιυλλά
437 2177 474 2242 δὲ
491 2175 571 2262 πρὸς
591 2171 746 2262 ἀλλήλους
765 2179 829 2242 τῶν
849 2181 882 2244 Γ
879 2184 1033 2264 ρηχορίων
1055 2173 1279 2258 ἅντειπύντοοί,
1299 2174 1372 2240 ἐπεί
1389 2167 1409 2237 δ

308 2273 492 2350 Ἀκάιδυνος
512 2277 658 2363 ἐφαίνετο
676 2274 716 2340 τά
737 2273 793 2341 ἴσοι
812 2275 974 2363 Βαρλαύμ
994 2275 1050 2342 καί
1074 2284 1173 2362 λέγων
1193 2274 1252 2342 κοί
1270 2277 1408 2364 φρονῶν,

312 2375 423 2458 ψῆφος
441 2375 501 2454 μὲν
520 2372 714 2460 ἐξενήνεκται
742 2373 829 2460 κοινή
851 2376 1030 2442 ἐπισκύποον
1057 2399 1091 2440 τε
1112 2375 1169 2441 καί
1184 2377 1248 2440 τιόν
1268 2380 1452 2458 emin-ao

312 2473 407 2536 τικτόν
426 2468 507 2536 κατά
523 2471 709 2538 Ἀκινδύνυυ
731 2476 787 2540 καί
804 2477 869 2539 τῶν
890 2475 978 2562 αύτήι
1008 2472 1210 2562 φρονούντων
1229 2471 1325 2554 ἴσως,
1361 2471 1408 2546 ὥς

311 2569 350 2636 τά
373 2569 538 2656 αἱρετικύν
560 2570 762 2660 φρονούντων
782 2571 838 2637 καί
857 2571 1019 2658 λεγόντων.
1060 2573 1269 2660 α’φοριζοντοιι
1289 2573 1327 2636 δὲ
1353 2570 1412 2636 καί

312 2671 366 2756 τῆς
386 2670 549 2748 κοινωνίας
567 2673 631 2738 τάν
655 2669 847 2760 ὀρθοδύξων,
878 2675 909 2739 εί
926 2671 972 2759 μή
994 2675 1226 2760 ἐπιστρέψειεν,
1247 2670 1318 2736 ἀλλ’
1338 2672 1411 2736 ἔπιε

314 2892 394 2946 valdo
412 2891 577 2947 claudicasse
595 2895 757 2948 clamitans:
777 2903 805 2947 et
823 2895 966 2980 aufugiens
990 2897 1020 2948 in
1038 2895 1162 2958 ltaliam,
1191 2909 1252 2947 euru
1278 2891 1406 2955 Latinis,

314 2971 347 3016 ut
373 2971 473 3028 antea,
499 2965 585 3018 sensit
609 2965 644 3017 ab
672 2969 766 3036 eisque
793 2966 915 3018 Hieracis
942 2967 1085 3034 episcopas
1111 2971 1217 3017 creatus
1246 2971 1298 3020 est.
1341 2961 1405 3014 Non

315 3035 404 3086 multo
435 3043 497 3105 post
522 3036 591 3087 alius
619 3036 732 3107 quidam
756 3036 902 3106 Gregorius
925 3035 1085 3099 monachus,
1117 3034 1275 3100 Acindynus
1301 3049 1405 3102 eogno-

314 3106 455 3169 minatus,
481 3107 613 3157 Barlaami
643 3109 673 3160 in
703 3107 817 3176 profana
845 3105 970 3158 doctrina
998 3108 1079 3176 longo
1098 3107 1230 3175 temporis
1250 3107 1340 3173 spatio
1361 3103 1406 3156 di·

314 3175 453 3246 scipulus,
482 3175 681 3229 dissensionem
706 3177 765 3229 eius
796 3185 824 3228 et
840 3176 918 3229 litem
948 3194 1008 3229 curn
1037 3177 1160 3238 Palatua,
1189 3183 1220 3226 ut
1245 3191 1403 3231 successor.

315 3245 448 3315 arripuit,
473 3247 518 3298 cui
533 3246 662 3318 quiddam
679 3246 827 3300 ridiculum
846 3248 969 3316 contigit
999 3247 1172 3299 Barlaamuna
1187 3243 1302 3316 quidem
1319 3243 1404 3297 mbo

315 3315 481 3384 repudiabat
509 3324 537 3368 et
563 3326 595 3368 ut
624 3318 693 3372 male
717 3319 872 3388 sanctisque
909 3315 1034 3386 patribus
1067 3317 1204 3368 contraria
1238 3315 1405 3366 sentientem

315 3387 477 3438 accusabat:
496 3401 526 3437 re
544 3394 636 3438 autern
656 3403 719 3439 vera
739 3405 850 3457 prorsus
871 3405 934 3440 eum
960 3386 1128 3458 sequebatur
1154 3383 1283 3456 nihilque
1312 3383 1404 3438 oanni·

314 3471 351 3505 uo
379 3455 414 3504 ab
442 3471 474 3505 eo
502 3455 653 3509 differebat.
690 3459 804 3510 Rursum
828 3461 923 3530 itaque
949 3457 1087 3511 seditione
1111 3473 1142 3508 ac
1160 3455 1280 3508 turnultn
1301 3454 1330 3506 in
1358 3469 1406 3506 ee-

317 3523 398 3575 clesia
425 3525 584 3587 exoriente,
610 3528 762 3596 Patriareha
788 3530 916 3602 iniquum
941 3527 1062 3592 ducens,
1092 3523 1402 3598 propterquoramdans

316 3593 407 3646 rixosa
440 3594 549 3666 ingenia
581 3597 713 3650 ecelesiae
749 3607 849 3652 statuam
885 3601 1056 3670 perturbari,
1097 3595 1230 3666 synodum
1263 3596 1294 3646 in
1329 3594 1405 3648 idern

316 3663 437 3732 Sophiae
465 3665 596 3734 templum
621 3669 710 3738 cogit,
742 3670 881 3722 assidente
907 3670 961 3740 ipsi
993 3678 1021 3722 et
1053 3685 1150 3739 magno
1185 3667 1337 3718 domestico
1374 3673 1404 3717 et

315 3743 454 3806 quotquot
478 3737 601 3805 Byzantii
623 3745 702 3792 etant
724 3741 906 3792 senatoribus.
944 3741 1011 3791 Cum
1032 3737 1155 3808 Gregorii
1175 3735 1221 3788 diu
1241 3743 1403 3788 controver-

314 3807 367 3856 sati
395 3815 501 3870 essent,
530 3807 579 3860 arbi
606 3807 823 3862 animadversum
851 3817 892 3862 est
917 3808 1089 3877 Acindynum
1119 3808 1252 3859 Barlaami
1280 3807 1405 3858 cantile-

314 3891 506 3942 nomenante,
532 3879 566 3930 ab
594 3879 730 3949 episcopis
758 3889 785 3931 et
803 3887 900 3932 senatu
919 3881 1101 3942 communiter
1118 3887 1211 3930 eontra
1230 3878 1406 3928 llarlaamnn

314 3945 436 4018 eiusque.
446 3956 593 4002 sectatores
620 3958 650 4001 ut
675 3949 827 4003 haereticos
846 3950 904 4004 lata
924 3959 967 4003 est
994 3951 1143 4002 sententia:
1171 3957 1201 3999 et
1222 3947 1276 3999 nisi
1304 3949 1407 4016 resipi-

312 4029 435 4082 scerent,
454 4020 488 4070 ab
507 4018 719 4074 orthodoxorum
745 4023 936 4086 communione
954 4029 1070 4093 uterque
1087 4028 1249 4090 segregatus.
1284 4016 1344 4069 Nee
1362 4018 1406 4068 ilii

313 4089 415 4154 solum,
433 4089 482 4143 sed
500 4092 568 4144 etsi
586 4093 647 4160 quis
665 4092 735 4142 alius
753 4091 787 4142 de
802 4099 892 4146 cetero
911 4093 977 4146 talia
997 4091 1110 4144 auderet
1134 4098 1163 4141 et
1182 4089 1307 4140 Palatitae
1324 4087 1408 4138 aliis-

312 4177 366 4232 que
384 4161 462 4231 qunsi
484 4162 556 4214 male
578 4161 612 4212 de
637 4162 770 4230 religione
795 4163 980 4216 sentientibus
1005 4163 1107 4214 crimen
1133 4159 1256 4212 interret
1294 4159 1407 4210 Praeter

312 4230 380 4284 baec
399 4240 427 4283 et
447 4239 521 4284 tomo
539 4247 588 4300 pro
607 4233 693 4284 veteri
718 4233 884 4299 synodorum
907 4251 985 4288 inore
1004 4231 1173 4303 composito,
1206 4230 1324 4283 laenam
1354 4245 1406 4298 ps·
