3128 4922
165 183 175 220 Ι

519 323 618 393 VITA
648 325 940 396 camelum.
1174 335 1256 397 XXV

157 493 257 563 ut'eo
279 497 453 564 inconsulto
473 493 714 583 aut'reliegantc
726 497 802 562 nihil
817 511 996 584 gereretur,
1013 503 1137 590 ipseque
1158 504 1258 568 admi·

155 603 312 664 uacaret
334 601 459 662 omnia:
490 609 521 662 ec
543 611 621 662 esset
639 619 703 661 non
727 599 851 682 quidem
871 601 1021 666 vocabulo
1035 608 1124 686 (narn
1147 605 1178 666 id
1195 627 1259 668 una

156 721 237 762 enm
252 700 383 778 habitu,
412 699 483 761 licet
496 715 558 760 non
581 697 672 760 semel
687 699 728 760 ab
742 697 918 762 Andronico
947 703 1092 766 manans
1120 715 1150 765 et
1172 707 1258 767 enixe

158 809 306 884 rogatos,
326 809 500 860 constanter
514 799 599 882 sugit)
623 799 675 859 sed
690 817 782 880 opere
796 801 861 881 ipso
875 801 1049 884 imperator.
1092 805 1174 894 Lege
1186 827 1256 888 cap.

158 919 195 983 9.
212 897 275 961 lib.
289 917 322 958 a.
364 898 435 976 Quo
450 897 612 980 defuncto,
641 917 803 981 procemm
824 919 858 959 ac
873 897 1003 962 militum
1015 904 1094 964 rotis
1108 903 1259 987 Didymo-

157 997 244 1062 ticlsi
274 997 458 1078 obsecutus,
487 1001 620 1082 itanique
641 996 707 1059 aliis
729 997 768 1060 dc
787 1001 900 1060 caussis
918 999 1003 1082 (quas
1025 1002 1160 1084 profert,
1183 1003 1267 1064 dum·

160 1097 327 1162 effoenue
341 1097 511 1182 tyrannidis
526 1099 726 1180 suspicionem
745 1117 763 1160 a
786 1119 819 1160 se
835 1097 978 1181 depellit:
1009 1101 1133 1184 depellit
1156 1114 1259 1164 autem

163 1200 347 1280 saepissime
361 1219 397 1260 sc
410 1197 626 1280 disertissime,
653 1210 683 1260 et
696 1210 760 1262 mm
773 1198 997 1280 verisimiliter,
1025 1212 1061 1262 ut
1082 1199 1159 1262 nihil
1180 1201 1260 1263 desi-

166 1297 271 1378 deres)
296 1319 466 1381 purpuram
497 1309 528 1361 ct
540 1300 650 1361 tiaram
664 1298 775 1361 induit.
807 1297 1007 1382 Adrianopoli
1021 1322 1040 1361 a
1054 1301 1169 1362 Lacum
1185 1301 1260 1361 Hie-

165 1397 418 1480 rosolymorum,
446 1416 568 1460 rursum
582 1399 717 1482 Bycantii
732 1398 772 1460 ab
796 1399 912 1460 Isidoro
926 1398 1105 1483 patriarchis
1116 1419 1261 1462 coronam

168 1496 364 1582 imperialem
378 1495 494 1560 solenni
509 1500 570 1561 ritu
585 1501 712 1584 accepit.
754 1501 856 1578 Quam
871 1500 959 1562 beate
971 1500 1092 1578 vixerit,
1116 1501 1148 1560 in
1163 1521 1267 1583 quam·

169 1600 211 1660 tis
225 1598 374 1682 cuiusque
391 1597 475 1660 modi
489 1597 620 1682 opibus,
652 1601 685 1661 iu
705 1609 820 1684 quanta
842 1597 1001 1661 hominum
1019 1599 1218 1661 admiratione
1231 1609 1263 1660 ct

178 1697 297 1782 gloriam
327 1699 394 1782 ipse
409 1685 588 1761 ‘clarissimis
610 1699 713 1761 verbis
733 1697 789 1760 lib.
807 1699 839 1760 3.
855 1719 924 1782 cap.
942 1697 995 1761 53.
1011 1709 1041 1760 et
1055 1697 1107 1782 78.
1129 1698 1262 1760 edocuit.

255 1797 293 1858 ln
306 1795 431 1858 militari
451 1798 633 1882 disciplina,
660 1800 743 1862 socio
759 1797 950 1882 Syrgianne,
983 1799 1128 1880 magistro
1143 1795 1263 1880 Angelo

176 1917 265 1958 usum
278 1917 310 1958 se
323 1907 446 1958 umet:
473 1900 506 1960 in
519 1919 581 1982 qua
602 1899 711 1961 deinde
733 1919 788 1982 per
817 1899 1060 1960 exercitationem
1086 1895 1263 1959 lectionem-

181 2015 241 2078 que
252 1995 336 2080 longe
349 1996 516 2058 admodum
537 2000 704 2080 prooessit,
733 1995 864 2080 talisque
877 2015 1002 2079 prorsus
1016 1997 1113 2058 extitit
1132 1997 1264 2078 impere-
1316 2053 1321 2066 ,

180 2105 250 2175 tor,
279 2096 396 2178 mem
411 2093 456 2158 M.
470 2095 592 2174 'l'ullius
615 2099 649 2158 in
669 2098 857 2182 Pompeiana
875 2095 1029 2180 depinxits
1060 2096 1209 2179 siquidem
1232 2097 1265 2157 in

177 2215 212 2256 eo
226 2217 347 2280 quoque
367 2195 421 2260 illa
440 2209 584 2282 quatuor,
604 2218 683 2280 ‘prae
696 2200 730 2259 in
750 2218 870 2260 mmmo
892 2199 1075 2279 imperatore
1091 2198 1189 2258 inesse
1210 2195 1267 2258 de·

174 2295 261 2377 bmt,
281 2297 476 2377 micuerunt,
502 2299 647 2378 scientia,
670 2299 782 2379 virtus,
806 2297 944 2378 felicitas,
968 2299 1143 2360 auctoritas.
1180 2295 1265 2360 Talis

172 2397 266 2476 uem,
303 2396 426 2481 qualem
450 2401 483 2460 in
512 2399 679 2482 Strategico
704 2400 899 2482 gravimimus
921 2407 1099 2481 praeceptor
1123 2391 1264 2459 militaris

172 2497 357 2559 Onosandcr
369 2497 512 2561 describit
523 2519 592 2584 cap.
616 2521 657 2580 t.,
673 2509 785 2582 maus,
806 2509 988 2582 temperans,
1010 2499 1142 2580 sobrius,
1170 2497 1264 2580 fingi,

171 2593 363 2678 laboriosus,
394 2597 582 2683 intelligens,
614 2602 740 2664 minime
761 2619 893 2680 aranu,
910 2619 978 2660 ›ncc
992 2600 1114 2678 iunior,
1142 2617 1199 2658 nec
1216 2617 1265 2658 sc·

171 2697 257 2778 nior,
284 2697 418 2761 filiorum
439 2712 545 2784 pater,
574 2699 696 2762 dicendi
716 2701 847 2784 peritus,
878 2697 975 2782 gloria
996 2698 1134 2760 illustris.
1179 2698 1266 2776 Qua-

174 2793 234 2858 lem
247 2809 407 2880 pm
420 2800 459 2861 de
475 2801 584 2862 bellico
599 2811 747 2885 lipparam
761 2821 829 2884 onp-
846 2821 876 2868 2.
906 2801 970 2861 Leo
983 2802 1160 2882 imperator.
1190 2798 1266 2856 Lin-
1371 2788 1373 2794 '

171 2915 262 2979 guam
285 2899 427 2960 Latinam
452 2899 591 2962 calluisse
611 2891 684 2962 inde
703 2903 909 2962 coniecturam
929 2902 1029 2981 capio.
1070 2897 1193 2960 Etenim
1217 2915 1266 2955 res

170 2995 381 3060 Romanormn
395 3000 614 3083 imperatorum
629 3001 684 3082 (ut
696 3021 753 3064 nos
771 3003 925 3062 Romanos
939 3002 1137 3081 imperatores
1151 2991 1266 3076 apella·

171 3117 261 3177 mos,
289 3097 410 3161 horest
428 3119 558 3181 eorum,
587 3103 640 3184 qui
662 3101 696 3161 in
720 3098 808 3161 ltalia
838 3110 869 3160 et
902 3097 1017 3160 Romae
1035 3091 1266 3175 vixeruntlali·

170 3202 291 3280 quotics
313 3201 346 3260 in
368 3196 503 3261 meffium
525 3199 668 3279 adducit,
699 3219 775 3281 quas
795 3198 921 3259 forsitan
942 3195 1024 3278 apud
1038 3194 1183 3257 historiae
1197 3193 1266 3256 llu-

172 3309 283 3382 gostae
291 3301 453 3384 scriptores
473 3299 557 3384 legit.
599 3299 643 3361 Et
663 3299 767 3383 Arego
788 3298 937 3360 monacho
952 3295 1094 3362 sabauda
1115 3293 1267 3378 quaedam

173 3399 291 3460 Graece
313 3401 426 3483 scripta
445 3421 508 3462 non
528 3399 732 3484 intelligenti,
762 3402 980 3481 interpretaris
999 3395 1055 3459 lib.
1073 3397 1104 3458 ὅ.
1125 3415 1193 3478 cap.
1210 3393 1265 3475 84.

172 3497 206 3558 Si
221 3499 293 3580 quis
306 3499 461 3562 auditione
474 3512 595 3562 tanmm
607 3503 816 3562 Romanorum
831 3500 910 3560 facta
924 3498 1086 3580 accepisse,
1104 3506 1135 3556 et
1149 3494 1266 3556 Graeca

173 3595 225 3660 illa
241 3599 346 3661 italice
359 3601 509 3663 monacho
523 3605 757 3684 interpretatum
779 3619 844 3661 esse
857 3597 982 3660 credere
1004 3595 1111 3675 malit,
1142 3615 1214 3656 cum
1229 3615 1266 3656 eo

173 3719 236 3760 non
250 3699 448 3762 contendam:
471 3705 558 3763 etita
571 3702 696 3764 nomine
711 3701 837 3761 Latinae
851 3698 990 3782 liugom,
1020 3697 1107 3758 cuius
1120 3716 1153 3757 se
1168 3697 1267 3756 scien·

174 3809 236 3860 tem
250 3801 384 3884 quodam
399 3801 467 3864 loco
480 3801 622 3884 affinnat,
636 3821 757 3885 quaque
765 3799 978 3883 praesidiarios
993 3797 1087 3859 Italos
1101 3795 1269 3877 alloquitur

175 3899 437 3986 Constantinopoli
451 3902 507 3964 lib.
524 3901 556 3982 4.
571 3923 639 3986 cap.
658 3899 724 3982 54,
740 3899 845 3962 Italica
868 3897 1064 3982 intelligenda
1079 3897 1156 3958 crit:
1190 3897 1269 3956 sicut

172 4021 228 4082 per
249 4001 377 4063 Latinos
398 4001 467 4063 ltali
493 4012 524 4062 et
546 4000 598 4063 alii
629 4022 691 4064 non
716 4002 837 4062 Graeci.
881 3998 1003 4060 Persice
1027 4015 1171 4079 quoquc,
1203 3998 1268 4058 sive

171 4099 305 4162 Tuccicc
334 4122 423 4163 nome
451 4123 483 4164 se
512 4099 772 4184 lib.4.cap.1o.
803 4096 942 4161 affirmat.
998 4096 1106 4159 Artem
1128 4095 1268 4160 didicisse

172 4203 361 4281 oratoriam,
393 4199 564 4284 eloquentia
579 4205 673 4287 ipsius
695 4203 779 4266 omui
796 4199 1027 4285 praedicatione
1048 4197 1163 4280 digna,
1193 4206 1223 4256 et
1236 4196 1268 4256 in
1314 4245 1317 4256 .
