3082 4940
768 340 1049 411 CANTAGUZENI

212 506 276 562 Mi.
287 498 535 586 ιδιιῆνιέγιιαοιν
557 523 574 563 ο
564 497 749 583 βασιλεὺς
777 525 831 565 και
859 499 1033 583 Ρωμαίων
1064 493 1122 565 οόκ
1153 497 1288 583 όλίγοι
1271 517 1377 564 ισασιν
1394 495 1437 564 ci

357 602 469 684 δαμιδς
497 598 622 665 ἐλάττω
649 600 747 683 τιμήν
777 593 982 676 ἀποδιδόντες
1010 603 1185 684 βασιλέως.
1227 592 1265 663 osi
1293 623 1356 718 μην
1376 594 1439 666 citi

357 701 476 766 πολλοῦ
497 701 669 784 δεήσεσθαι
688 697 785 765 πόνον
808 703 863 766 καί
881 695 1032 820 όγιόνων,
1073 700 1142 764 ἀλλ’
1169 699 1265 786 ἀρκεῖ
1285 695 1380 781 μόνον
1403 701 1439 765 εί·
1512 731 1513 750 ι

265 805 444 880 Ρ.,ἰἰ8πεῖν,
465 823 519 863 ναι
540 799 659 875 πάντας
680 795 765 881 ἔχειν
784 796 1001 875 ὑπακούοντας
1019 796 1165 880 ἑτοίμως.
1205 797 1304 864 αὐτόν
1325 821 1359 863 τε
1377 795 1440 884 πρό-

357 899 450 984 τερόν
469 922 504 963 τε
524 897 612 983 παρὰ
635 895 739 962 πάντα
774 899 831 963 τόν
862 897 932 982 βίον
962 902 1018 964 και
1042 900 1099 963 νόν
1128 893 1191 981 οόχ
1217 889 1313 982 ἧττον
1332 899 1453 1014 ἓτοιμρι5

357 993 495 1063 εἶναι
459 1023 500 1062 τα
520 1003 695 1063 λυσιτελεῖν
716 991 807 1086 αότῷ
825 1007 927 1064 ποιεῖν
948 999 1118 1080 δοκοόντο,
1146 998 1186 1062 οδ
1206 997 1305 1079 μόνον
1325 995 1439 1082 χρημό-

357 1119 422 1163 των
450 1099 507 1162 καὶ
539 1092 693 1178 καμάτων
711 1096 931 1185 ἀφειδοῦντα,
960 1094 1041 1162 οἷλλδ
1066 1095 1123 1162 καί
1143 1093 1255 1182 ψυχὴν
1279 1095 1439 1182 προθύμως

356 1197 438 1282 ὑπὲρ
456 1197 520 1262 cdv
541 1199 648 1314 ἷδιρτ
629 1223 662 1262 τι
687 1191 775 1287 αότηι
760 1197 1012 1284 διαφερόντων
1028 1198 1228 1284 προϊέμενον,
1245 1197 1372 1262 πόντων
1389 1195 1439 1260 αό-

354 1297 399 1420 τρῖ
423 1293 562 1380 μάλιστα
587 1317 661 1362 οντα
682 1261 857 1383 ὀφειλέτην.
893 1299 1018 1362 πολλῶν
1041 1294 1100 1382 γὰρ
1124 1289 1425 1362 όιτολελαοκένσι”
1388 1319 1438 1361 των

292 1391 293 1396 ’
355 1395 543 1482 εόεργεσιοιν
567 1398 632 1459 τῶν
654 1397 730 1481 παρ’
758 1389 881 1478 αότοῦ,
917 1394 956 1460 osi
977 1401 1107 1478 βασιλεῖ
1135 1395 1233 1478 μόνον
1262 1393 1321 1481 τὴν
1348 1391 1465 1480 δρχὴιιο

305 1537 308 1544 »
355 1517 409 1560 ιιαι
403 1495 666 1581 προσαγαγόντα
684 1517 737 1558 και
733 1446 982 1578 cerseolium,
1020 1493 1102 1560 ἄλλα
1126 1497 1182 1560 και
1201 1489 1339 1582 όστερον
1360 1499 1438 1576 βασι-

354 1597 435 1668 λέως
465 1594 664 1680 ὠργισμένον
690 1591 964 1680 παραιτησόμενοι
988 1588 1100 1659 αότδν
1123 1619 1179 1666 και
1208 1595 1267 1666 τοῦ
1292 1597 1438 1676 δεσμωιη

354 1691 427 1778 ρίου
452 1690 692 1775 ἀπαλλάξαντα,
730 1695 787 1758 και
809 1695 910 1778 μέχρι
936 1693 992 1758 νδν
1013 1685 1101 1770 εἰς“
1082 1715 1160 1780 οπερ
1183 1695 1253 1757 εὀτί
1279 1697 1388 1777 σχῆμα
1404 1695 1437 1754 i?

324 1785 457 1856 Βαότοό
479 1790 637 1875 ἠγμένον.
662 1783 840 1873 ιὈμέν
803 1805 860 1857 οων
886 1795 1019 1858 τοιαῦτα
1039 1786 1125 1866 εἷπε.
1165 1789 1281 1878 μικρόν
1302 1794 1339 1856 δὲ
1362 1785 1439 1874 ipl-

351 1915 411 1974 γας
432 1893 617 1980 δομὲστιιιος
638 1889 799 1975 ἐπισγιδν,
823 1885 957 1956 Οόκ
935 1915 975 1957 αν
1002 1915 1060 1974 μοι
1086 1891 1173 1957 doreti
1191 1895 1396 1970 τοιαῦτα,ει
1370 1885 1463 1972 cineri

351 1991 551 2075 παραστῆναι
579 1988 655 2076 περὶ
674 1991 734 2056 ocri
752 2013 844 2073 ποτε,
871 1992 947 2078 μηδ’
959 1991 1005 2067 εἰς
1024 1993 1175 2056 τοιοῦτον
1188 1985 1278 2076 ἥκειν
1293 1993 1352 2072 ἐμὲ
1368 2013 1439 2076 φαο-

351 2086 483 2172 λότητος
502 2083 652 2172 ἡγεῖσθαι
668 2089 813 2176 τρόπων,
840 2083 934 2173 ὥστε,
956 2089 1115 2173 βασιλέως
1137 2089 1187 2155 ἔτι
1208 2093 1327 2170 ζῶντος
1354 2085 1376 2176 ἢ
1398 2085 1441 2151 rui

349 2185 432 2270 μετὰ
462 2188 632 2273 τελευτὴν,
667 2185 762 2275 ἢσοί
781 2188 1015 2276 πεισθήσεσθαι
1042 2183 1065 2275 ἢ
1094 2185 1191 2280 ἑτέρῳ
1226 2187 1366 2281 despair,
1396 2189 1439 2271 τῆς

349 2288 475 2369 μένεός
511 2287 569 2368 ἐμὲ
593 2291 750 2370 βασιλέως
772 2291 881 2376 φιλίας
926 2283 948 2376 ἢ
994 2293 1119 2372 μᾶλλον
1143 2291 1246 2378 εἰπεῖνΙ
1279 2287 1440 2371 cammite

350 2384 592 2470 ἀμνημονῆσαι,
634 2391 696 2452 τοῖν
714 2389 780 2478 ἰδίη
804 2390 840 2454 δέ
854 2415 886 2454 τι
909 2387 987 2471 έμοί
1019 2392 1122 2474 ζητεῖν
1154 2391 1380 2476 διαφερόντων,
1408 2380 1463 2449 δ-ιι

350 2479 528 2568 μελήσαντα
550 2487 614 2550 τοῖν
636 2489 726 2574 κοινῇ
745 2497 808 2563 τοῖς
828 2493 985 2572 βασιλέως
1011 2488 1107 2578 παισί
1124 2493 1181 2555 καί
1206 2488 1354 2574 βασιλίδι
1370 2511 1439 2567 σιμ·

352 2581 529 2670 φερόντων.
578 2582 627 2651 διό
654 2584 711 2652 καὶ
740 2585 879 2668 μάλιστά
908 2611 967 2654 σου
995 2591 1233 2672 κατεγνωκέναι,
1264 2591 1299 2654 εἰ
1324 2591 1438 2653 τοιαῦτα

350 2681 513 2770 παραινῶν
540 2675 676 2772 ἤλπισας
704 2689 843 2755 πείσειν.
889 2692 956 2756 Τοῦ
976 2691 1009 2756 δ’
1028 2682 1125 2766 αὖθις
1151 2691 1387 2776 ἐπιχειροῦντος
1402 2681 1437 2760 δι

25 373 32 483 ι

350 2903 459 2976 saepius
487 2903 607 2956 voluerit
634 2901 764 2988 quodque
791 2905 906 2958 Romani
933 2921 991 2957 non
1013 2905 1094 2976 pauci
1116 2905 1227 2969 norint,
1255 2907 1306 2977 qui
1325 2921 1377 2960 uon
1392 2901 1434 2954 ni·

349 2993 444 3028 norem
471 2975 498 3026 ei
531 2991 614 3046 quum
650 2975 817 3060 imperatori·
844 2973 977 3028 honorem
1007 2993 1115 3045 semper
1142 2943 1316 3030 habuissent.
1351 2975 1431 3043 Neque

349 3063 414 3099 vero
434 3047 521 3098 multo
540 3045 636 3098 labore
654 3053 684 3096 ct
705 3047 856 3098 certamine
875 3063 931 3100 rem
949 3047 1090 3120 indigere.
1116 3047 1201 3098 verbo
1221 3054 1333 3099 tautum
1349 3046 1433 3098 volnu-

271 3145 274 3158 =
348 3123 437 3170 tatem
456 3133 530 3168 suam
551 3115 689 3179 declaret,
701 3117 868 3202 'statimque
900 3117 1023 3170 libenter
1052 3131 1083 3170 se
1111 3115 1278 3170 subdituros.
1317 3113 1392 3186 Quod
1405 3111 1431 3163 sd

350 3204 379 3240 se
399 3189 546 3250 attineret,
572 3195 601 3240 et
617 3187 707 3238 aute'
699 3204 729 3239 ιιι
749 3190 823 3240 omui
842 3188 899 3240 vita
917 3194 946 3239 et
964 3186 1018 3240 hoc
1044 3195 1166 3258 tempore
1184 3204 1242 3239 nou
1263 3187 1353 3240 minus
1370 3200 1432 3254 pars·

349 3264 409 3310 tum
428 3273 487 3310 esre
506 3258 566 3309 eius
583 3257 790 3310 utilitatibus
781 3260 930 3322 inservire,
947 3275 1004 3311 non
1022 3258 1112 3310 scium
1137 3275 1194 3309 nou
1223 3265 1380 3342 parcentem
1395 3270 1431 3322 pe·

348 3329 440 3381 cuniis
467 3327 718 3395 etiortunissuis‚
739 3325 835 3381 sedet
859 3329 1019 3398 sauguinem
1045 3325 1144 3398 cupide
1170 3344 1220 3398 pro
1247 3329 1308 3381 einr
1332 3325 1431 3380 rationi·
1514 3281 1515 3380 l

348 3397 401 3451 bus
419 3401 585 3462 effusurum,
603 3417 665 3452 curn
682 3365 805 3451 orlrnium
824 3399 851 3450 ci
869 3399 1018 3470 plurimum
1045 3399 1161 3451 debeat:
1185 3398 1280 3451 multis
1302 3401 1371 3450 enim
1392 3394 1431 3444 le·
1514 3375 1515 3420 l

349 3468 457 3522 nciiciis
470 3471 529 3521 eius
548 3485 641 3533 usum,
663 3469 773 3540 quando
798 3485 861 3522 eum
887 3486 944 3522 non
967 3470 1050 3523 morlo
1078 3487 1095 3520 a
1129 3469 1266 3538 principio
1291 3465 1430 3554 imperatpri

350 3539 547 3592 commendarit
564 3507 779 3626 familiaremque
810 3537 976 3606 reddiderit,
1002 3539 1051 3594 sed
1077 3541 1159 3592 etiam
1176 3549 1273 3610 postca
1291 3541 1358 3591 iram
1372 3535 1430 3587 iltius

350 3609 387 3663 ab
404 3627 438 3664 ec
458 3609 619 3681 deprecatus
637 3611 674 3664 sit
707 3620 737 3664 et
754 3625 859 3664 carcere
876 3610 1016 3675 liberarit,
1035 3617 1064 3664 et
1086 3612 1116 3662 in
1143 3611 1215 3662 hanc
1246 3609 1429 3662 conditionem,

350 3682 382 3734 in
401 3698 454 3752 qus
471 3679 555 3736 hodie
580 3683 633 3746 sit,
651 3679 819 3754 perduxerit.
854 3679 992 3735 Hactenus
1003 3681 1191 3751 dpocarsrirus
1225 3679 1339 3750 Magnus
1353 3677 1429 3730 donr-

349 3753 435 3804 stieur
453 3753 566 3822 ρισΙιιω
588 3751 691 3816 rilcns,
709 3750 868 3836 Νοιριιιρ,
886 3751 915 3804 in
937 3753 998 3816 uit,
1016 3751 1128 3806 taliade
1146 3749 1337 3823 tealiquando
1353 3763 1428 3800 ocsus·

350 3821 419 3876 risse
433 3824 525 3876 animo
544 3838 619 3875 mec:
638 3841 690 3876 uec
707 3839 740 3876 co
765 3839 809 3875 me
836 3823 925 3908 impro
947 3825 1022 3876 itatis
1040 3824 1205 3892 processisse
1219 3817 1427 3874 existimandum,

350 3899 381 3945 τι
398 3893 560 3963 imperatore
579 3893 669 3946 adhuc
694 3895 756 3946 rivo
785 3902 834 3946 sut
859 3894 941 3946 etiem
966 3911 998 3946 eo
1022 3901 1147 3957 mortuo,
1165 3894 1210 3945 vel
1235 3891 1282 3944 aba
1301 3901 1329 3944 tc
1353 3883 1428 3940 relab
1514 3907 1515 3946 ι

350 3961 408 4014 alio
429 3980 601 4036 quocumque
619 3963 751 4028 inducar,
770 3971 800 4017 vt
817 3965 917 4017 amoris
935 3965 991 4017 mei
997 3981 1066 4046 erga
1088 3930 1184 4025 illuln,
1215 3965 1270 4016 aive
1300 3965 1332 4013 ut
1350 3957 1429 4010 melius

351 4031 457 4099 dicam,
484 4051 631 4090 consensus
654 4043 737 4119 atque
760 4035 970 4106 conspirationis
996 4033 1139 4087 immemor
1162 4036 1228 4098 rim,
1257 4040 1285 4085 et
1318 4023 1428 4100 regiona

349 4119 422 4174 quae
439 4109 620 4160 communiter
639 4107 698 4158 eius
717 4103 813 4158 liberis
830 4115 860 4160 et
885 4111 1023 4176 Augustae
1059 4105 1232 4168 conducant,
1257 4101 1366 4186 privata.
1379 4113 1428 4149 eon

352 4183 440 4228 aectcr
458 4177 617 4230 commoda:
634 4183 717 4261 taque
736 4193 858 4230 summac
881 4177 982 4230 damno
1019 4175 1170 4240 stultitiae,
1188 4177 1215 4228 si
1242 4173 1306 4226 talis
1334 4167 1426 4223 nisio

351 4259 542 4313 persuasurum
561 4248 710 4322 speravisti
747 4239 798 4302 llio
819 4247 909 4302 denuo
921 4243 1171 4302 seutentismsuam
1196 4245 1335 4299 ututilern
1348 4253 1424 4312 argee
