3114 4930
449 329 731 426 mmmmm
765 335 792 400 r.
811 341 863 406 αι.
1128 335 1206 425 107

131 485 222 552 θοντο
242 485 330 574 δρρῖν,
348 481 407 571 τὴν
426 485 471 564 είς
498 485 557 574 τὴν
585 485 919 554 Κωνοταντινοόπολιν
941 487 1041 576 έφῇκε
1069 491 1207 576 πορείαν.
1216 509 1246 565 Α,
1254 509 1282 564 c,
1294 511 1355 566 2321

132 583 161 649 οἱ
180 584 215 648 δὲ
235 575 364 666 ἀσμενοι
384 583 545 669 δεξόμενοι
563 583 619 652 τόν
638 585 737 671 λόγον,
767 589 823 653 καί
840 589 1014 672 μονονουχὶ
1031 585 1211 668 Βυζαντίου

132 683 274 762 δόξαντες
289 685 519 769 κεκρατηκέναι,
537 684 805 772 παρεσκευάζοντο
820 684 899 773 πρὸς
911 681 971 772 τὴν
986 685 1123 772 πορείαν.
1143 688 1214 751 inei
1221 701 1243 756 C

131 781 165 846 δὲ
192 776 252 844 οάκ
279 775 483 867 ἠδυνήθησαν
511 782 570 868 τήν
598 781 678 872 πρός
700 783 936 870 Θεσσαλονίκην
956 779 1085 850 ἑλέσθαι
1105 793 1215 850 πεῖσαι

112 875 184 962 ὄτὴν
204 877 374 966 στρατιάν,
413 882 578 968 συνεώρων
605 907 638 948 τε
653 875 720 969 Ιἤδη
740 885 785 972 τῷ
810 887 1016 973 πρεσβυτέρῳ
1038 888 1167 966 βασιλεῖ
1182 883 1215 958 ές

130 979 273 1044 κίνδυνον
293 977 332 1045 τό
354 977 523 1066 πράγματα
542 981 749 1068 χωρήσαντα,
770 977 838 1064 ἀμα
859 984 907 1072 τῷ
926 981 1050 1072 μεγάλῳ
1072 983 1217 1063 δομεστί-
1249 1064 1253 1073 ι

129 1100 170 1164 κιρ
186 1075 203 1140 ό
217 1077 369 1160 βασιλεδς
383 1078 609 1162 ἐβουλεύσαντο
625 1083 669 1170 τῷ
686 1084 891 1169 πρεσβυτέρῳ
906 1085 1036 1162 βασιλεῖ
1047 1077 1100 1143 διό
1114 1103 1216 1164 γραμ-

127 1175 235 1258 μάτων
256 1175 364 1264 κρόφα
384 1175 442 1262 τὴν
457 1175 572 1265 ἔφοδον
593 1171 700 1244 adreio
721 1181 870 1266 δηλῶσαι.
899 1175 975 1266 ὅπερ
997 1179 1028 1243 εί
1046 1176 1216 1261 κατάδηλον

129 1279 308 1360 συνηνέχθη
336 1277 483 1361 γενέσθαι
508 1279 548 1365 τῇ
568 1279 716 1367 στρατιᾷ,
757 1278 898 1365 τάραχον
926 1271 967 1343 ἀν
987 1276 1131 1360 ἐποίησεν
1160 1269 1217 1337 οόκ

96 1369 251 1458 ιοάλίχον,
281 1373 326 1452 σός
354 1373 416 1440 siud
441 1377 506 1442 τάν
525 1377 688 1463 σφετέρων
708 1375 868 1463 ἀρχόντων
888 1375 1220 1461 καταπροδιδομένοις.

127 1472 242 1560 χράφιι
266 1471 304 1560 δίη
325 1471 504 1557 βασιλεόςό
522 1475 598 1557 νέος,
619 1477 678 1541 rosi
696 1475 832 1560 μεγάλου
850 1474 1036 1558 δομεσι·ίκου
1056 1471 1095 1538 τό
1117 1469 1220 1557 γράμ-

126 1597 212 1654 ματα
227 1571 491 1659 ἐγχαρόποιτος,
501 1577 544 1664 τῷ
558 1570 674 1665 πάππιρ
690 1577 832 1641 τοιαῦτα·
851 1567 899 1658 „oi
913 1570 1064 1640 θειότατε
1078 1572 1220 1655 βασιλεῦ,

128 1665 229 1758 ὥσπερ
256 1671 414 1754 πολλάκις,
435 1672 491 1738 καί
508 1677 564 1740 νῦν
578 1670 653 1738 θεόν
668 1671 927 1760 ἐπιμαρτύρομαι
946 1681 1016 1749 τοῖς
1034 1670 1221 1754 λεγομένοις,

129 1766 170 1846 ἀς
190 1761 263 1834 οὔτ’
283 1765 393 1835 adadu
412 1769 525 1857 παρεόν
553 1773 682 1862 έμαυτρῖ
707 1797 740 1837 τι
760 1769 894 1838 σόνοιδα
915 1769 997 1857 πρὸς
1018 1768 1077 1854 σὴν
1097 1768 1253 1853 ἔχθρανῙ)

97 1867 372 1958 ιδέξειργασμὲνηι,
401 1861 468 1935 οὔτ’
486 1869 540 1936 έπί
557 1871 680 1946 τούτοις
700 1865 839 1956 ἀπέστην
859 1869 905 1947 ἀς
923 1867 1031 1958 τρόπῳ
1052 1866 1146 1933 παντί
1164 1889 1222 1931 κα-

128 1965 237 2034 κοόσων
260 1965 299 2032 roi
317 1965 378 2035 σό·
398 1969 465 2034 ἀλλ’
485 1971 538 2036 ἵνα
557 1967 652 2054 μόνον
670 1967 729 2036 τόν
749 1972 962 2057 ἐπηρτημένον
982 1969 1058 2052 ἐμοί
1076 1965 1222 2032 κίνδυνον

128 2067 260 2152 δυνηθῶ
282 2069 467 2153 διαφυγεῖν.
503 2068 575 2134 νυνί
592 2071 627 2134 δὲ
647 2071 740 2134 rorico
760 2071 819 2150 μὲν
848 2070 922 2150 ἐμοί
940 2069 1103 2154 περίεστιν
1123 2069 1159 2131 έν
1178 2064 1223 2154 τῷ

129 2163 275 2252 ἀσφαλεῖ
291 2157 377 2249 όντι,
411 2169 447 2233 σέ
467 2169 499 2232 δ’
518 2171 553 2233 ἐκ
570 2171 627 2234 τοῦ
646 2169 787 2234 έναντίου
809 2163 897 2255 παρά
918 2167 1026 2233 πᾶσαν
1046 2161 1127 2249 ἐμὴν
1146 2160 1224 2246 βοό-

129 2261 254 2349 λησινδ
275 2266 418 2344 κίνδυνος
437 2269 645 2353 περιέστηκεν.
666 2265 734 2333 ίδοό
755 2266 825 2356 γὰρ,
846 2265 931 2358 πόση
947 2261 1148 2352 temdum
1162 2286 1224 2345 μη-

93 2371 212 2452 οοχανῇ
236 2360 319 2430 o‘o'ore
339 2363 399 2451 τὴν
417 2363 566 2454 Ιοτρατιόν
585 2364 664 2452 πρός
680 2365 739 2452 τὴν
755 2363 890 2454 ἑσπέραν
905 2367 1089 2453 τραπέσθαι
1105 2349 1224 2442 πεῖσαι,

132 2459 302 2540 ἀδυνάτως
323 2461 436 2547 ἔσχον.
472 2465 588 2550 ἀνάγκη
610 2462 649 2549 δη
670 2470 757 2532 πᾶσα
778 2465 853 2548 ὑμῖν
872 2467 1037 2530 ἀπελθεῖν.
1076 2457 1137 2546 Syri
1165 2461 1225 2541 μὲν

128 2555 186 2628 orie
205 2561 416 2649 σχολαίτερον
435 2567 613 2648 βαδιοῦμαι
633 2576 735 2631 νοσεῖν
756 2561 983 2646 πλαττόμενος·
1005 2557 1165 2643 εἰσβαλάν
1188 2559 1224 2623 δέ

130 2664 328 2752 πειράσομαι
346 2660 404 2750 την
424 2666 575 2749 ταχιλπην
595 2657 782 2752 ἀναχωρεῖν.
801 2666 854 2730 σοί
874 2667 904 2730 δ’
916 2667 952 2730 ἐν
966 2658 1105 2750 τοσοότιρ
1121 2681 1225 2746 φρου-

201 2817 246 2854 ro.
264 2799 530 2873 καταπροδιδομίνα
547 2802 619 2856 coni·
636 2799 700 2880 Eu,
714 2801 757 2863 P.,
777 2798 826 2852 scd
843 2797 917 2852 nihil
934 2795 1104 2849 mutandum.

132 2901 306 2971 temperandi
325 2901 414 2956 facere
428 2906 602 2969 annuissent,
618 2903 879 2972 Constantinopolin
893 2903 935 2954 ire
950 2901 1089 2972 pennisit.
1121 2897 1225 2950 Vocem

133 2975 191 3027 eius
214 2973 321 3026 milites
348 2976 541 3042 gratulabundi
564 2975 721 3045 excipiunt,
752 2981 781 3026 et
805 2975 966 3040 Byzantium
987 2978 1094 3022 tentum
1118 2985 1174 3020 nou
1194 2969 1225 3020 in

132 3045 265 3096 manibus
281 3044 334 3096 iem
357 3043 508 3098 rehabere
531 3065 547 3100 o
567 3047 690 3108 inantes,
720 3046 773 3096 iter
790 3051 894 3111 parant.
939 3041 1009 3108 Ergo
1038 3039 1166 3108 quoniam
1190 3037 1225 3088 ab

133 3115 259 3168 exercitu
280 3114 428 3183 impetrare
446 3119 650 3188 nequivissent,
674 3123 705 3166 ut
722 3113 945 3166 Thessalonicam
964 3109 1028 3162 duci
1044 3107 1157 3170 maliet,
1180 3108 1227 3160 in-

132 3183 354 3257 telligebantque
376 3188 511 3240 seniorem
536 3187 725 3254 imperatorem
745 3185 839 3236 venire
860 3183 891 3234 iu
939 3178 1085 3240 ericulurn,
1117 3176 1177 3246 ipse
1198 3184 1228 3230 et

134 3271 249 3326 magnus
271 3252 435 3310 domesticus
454 3257 520 3308 elam
538 3257 617 3308 ilium
636 3271 685 3323 per
700 3254 842 3322 epistolam
859 3253 893 3306 de
914 3199 969 3304 boc
992 3247 1112 3303 adventu
1130 3245 1226 3299 admo-

133 3343 199 3379 nere
224 3323 382 3378 decemuot.
432 3327 464 3381 id
484 3330 509 3379 si
530 3325 608 3378 miles
631 3325 821 3392 comperisset,
847 3332 988 3394 tamquarm
1015 3337 1031 3372 a
1053 3317 1226 3391 principibus

134 3397 189 3449 suis
215 3393 359 3465 proditus,
384 3413 451 3467 quas
467 3415 524 3450 non
544 3397 636 3450 turbas
657 3393 818 3448 excitasset?
851 3395 918 3447 Eam
936 3391 1082 3464 epistolam
1105 3388 1226 3442 dictante

134 3467 301 3536 imperatore
318 3467 425 3519 iuniore
441 3467 604 3522 domesticus
621 3473 713 3519 exerat
725 3467 755 3518 in
769 3464 837 3518 haec
851 3465 946 3518 verbe:
971 3465 1009 3514 iit
1031 3459 1149 3514 antehac
1163 3475 1225 3512 soe·

134 3539 218 3606 pins,
245 3537 286 3588 sic
300 3554 374 3590 nunc
389 3539 477 3592 Deum
489 3538 624 3592 dictorum
643 3545 739 3590 testem
755 3537 879 3605 appello,
904 3534 1086 3588 sacratissime
1104 3532 1227 3599 impera-

135 3615 193 3670 tor,
224 3623 315 3677 neque
336 3625 396 3660 cum
418 3609 478 3662 illio
495 3609 635 3679 degerem,
662 3607 790 3660 facinoris
808 3607 947 3658 conscium
965 3605 1069 3667 inisse,
1100 3601 1143 3652 tui
1160 3599 1226 3653 odio

136 3677 268 3740 admissi,
295 3695 386 3748 neque
402 3679 464 3732 ideo
483 3678 549 3734 inde
567 3679 683 3740 abiisse,
706 3685 737 3730 ut
759 3677 834 3730 omni
856 3679 962 3729 ratione
984 3673 1153 3726 detrimenta
1173 3668 1228 3722 tibi

136 3748 312 3802 inveherent:
331 3749 379 3802 sed
394 3749 429 3801 ob
444 3747 473 3802 id
486 3750 583 3813 solum,
604 3757 635 3802 ut
649 3747 809 3818 impendens
827 3745 978 3800 cervicibus
995 3745 1066 3796 nmis
1080 3741 1228 3794 discrimen

137 3823 298 3890 effugerem
325 3817 399 3890 quod
421 3819 533 3891 quidem
555 3819 615 3872 ioco
638 3833 732 3870 securo
753 3817 918 3869 constitutus
944 3813 1044 3884 effugi3
1071 3820 1100 3863 te
1124 3815 1228 3870 contre,

137 3907 180 3942 me
203 3889 326 3960 quamms
347 3891 456 3956 penitus
473 3891 602 3954 nolente,
628 3884 773 3941 discrimen
795 3887 918 3939 invoivit.
953 3887 1024 3937 Ecce
1050 3881 1139 3940 enim,
1166 3894 1228 3928 cum

137 3960 212 4013 nihii
230 3978 286 4012 non
303 3961 446 4022 mutarim,
472 3969 505 4014 nt
525 3961 657 4013 exercitui
674 3960 704 4010 in
726 3955 894 4010 occidentem
911 3958 1058 4008 transitum
1076 3945 1227 4018 persuade-

138 4047 211 4094 rem,
239 4029 311 4082 nibii
330 4031 382 4100 egi.
417 4029 472 4082 Noe
490 4031 575 4102 igitur
591 4037 685 4082 contra
702 4027 835 4080 tevenire
853 4041 963 4078 necesse
981 4019 1156 4078 estornnino.
1192 4015 1228 4069 dt

139 4117 189 4172 ego
201 4101 327 4153 morbum
344 4099 490 4164 simulans,
516 4101 617 4153 lentius
630 4095 852 4160 castrametamur,
877 4103 980 4164 etpost
994 4094 1117 4163 primum
1134 4090 1229 4166 incur7
1317 4151 1322 4162 Ι

141 4189 199 4224 sum
214 4171 286 4225 dabo
301 4187 426 4240 operam,
446 4179 478 4224 ut
486 4171 616 4224 citissime
627 4169 759 4223 recedam.
796 4165 860 4220 Tibi
877 4167 982 4235 interes
996 4160 1132 4235 palatium
1149 4173 1228 4226 prae·

141 4241 213 4296 sidio
227 4241 334 4296 firmare
352 4241 463 4306 licebit,
489 4243 630 4312 portisque
648 4239 724 4296 urbis
752 4254 820 4308 quos
840 4235 925 4298 habes
945 4236 987 4292 tui
1011 4230 1228 4288 studiosissimos
