3114 4930
285 303 339 388 70
667 293 949 364 csu'stcuzum

135 449 429 540 Διαιᾶτιγμάτωνε
450 451 493 520 ἑά
513 448 572 538 γάρ
592 451 689 520 εἰπεῖν
711 452 841 518 θάιαιον.
869 453 940 517 ἐπεὶ
957 451 988 516 δ’
1000 447 1034 516 αἴ
1054 451 1247 538 δυσπραγίαν
1261 449 1373 516 τοσοῦ-

177 611 180 622 .
281 577 337 626 τον
358 550 511 618 ἔπνευσαν
527 549 612 638 βορά
630 555 701 614 κατ’
719 552 810 633 ἐμοῦ,
830 544 913 616 ὥστε
926 574 982 633 μοι
997 553 1053 616 καί
1065 546 1104 614 τά
1124 548 1240 636 πατρὸς
1252 550 1373 632 σπλάγ-

282 679 345 742 χνα
364 655 514 717 τοσοῦτον
528 652 817 731 ἐκπεπολεμῶσθαι,
834 647 877 728 οῦς
891 652 972 735 μηδὲ
991 652 1047 734 τῇς
1064 646 1180 737 ότιροῦν
1197 638 1374 736 προσηνοῦ-

280 777 338 837 σης
361 747 545 836 ἐλευθερίας
565 747 730 833 τυγχάνειν
748 749 803 813 ἐπὶ
815 745 851 813 τὸ
873 745 912 814 τά
930 748 1111 833 ἐγκλήματα
1132 741 1368 828 άπολῦσασθαι,

281 853 395 934 δέομαι
412 850 469 916 τοῦ
487 851 545 913 σοῦ
561 846 711 934 κράτους,
732 839 922 930 άβασιλεῦ,
943 844 988 934 μη
1019 845 1171 934 πρότερον
1191 847 1300 934 ιμῇφον
1319 843 1392 926 ἕξᾶ

250 957 430 1033 (Ξενιγκεϊν,
452 945 526 1034 πρὶν
540 940 580 1012 riv
600 943 641 1012 τά
657 943 854 1031 ἐγκλήματα,
875 943 955 1034 άπερ
978 948 1058 1029 ἐμοῦ
1072 941 1295 1031 κατηγόρηκας,
1310 947 1373 1026 βαι

279 1045 364 1135 σάνιρ
387 1049 577 1133 δοκιμασθῇ.
597 1039 656 1110 κάν
670 1048 730 1128 μὲν
746 1071 778 1111 τι
801 1045 966 1133 φαίνωμαι
983 1040 1102 1112 τούτων
1122 1044 1373 1130 ἐξειργασμένος,

210 1225 213 1230 ¹
278 1145 337 1231 τῇν
350 1147 486 1230 ἐσχάτην
500 1147 611 1209 δοῦναι
626 1143 714 1230 δίκην
729 1145 944 1212 ἀποθανόντα·
963 1137 1002 1210 siv
1020 1147 1052 1210 δ’
1064 1141 1232 1229 ἐλεύθερος
1245 1136 1375 1233 ἐκπόν-

279 1268 343 1309 των
358 1240 481 1309 τούτων
500 1243 701 1327 dnouement,
729 1239 804 1331 άπερ
823 1239 913 1325 οἶμαι
934 1242 990 1309 καὶ
1012 1247 1049 1310 σὲ
1069 1242 1245 1328 βούλεσθαι
1257 1237 1313 1306 κατ’
1328 1241 1373 1306 δι’

277 1342 375 1429 εὐχῆς
389 1346 567 1425 ποιεῖσθαι,
588 1342 654 1407 τότ’
674 1344 797 1418 ἐξέσται
816 1339 911 1408 πάλιν
926 1345 1028 1428 πατρί
1040 1367 1075 1428 γε
1092 1334 1161 1407 im
1182 1338 1235 1406 σοι’
1247 1338 1302 1404 κατ’
1313 1357 1423 1402 κει-ιο

277 1445 337 1530 ριἰρ
366 1441 514 1527 πράττειν
538 1437 577 1508 τά
598 1437 678 1506 κατά
699 1439 857 1527 γνάμην.”
893 1441 1023 1520 Τούτοις
1046 1449 1113 1517 τοῖς
1133 1438 1237 1524 λόγοις
1252 1438 1297 1514 εἰς
1317 1435 1374 1524 άρ-

278 1538 336 1627 γῇν
353 1542 506 1628 ἐξαφθείς
526 1539 701 1607 ἐπιπλέονό
722 1541 936 1628 πρεσβύτερος
946 1532 1112 1625 βασιλεῦς,ι
1124 1539 1305 1627 τραχυτέρα
1316 1538 1376 1604 τοῦ

193 1644 226 1704 V.
237 1648 272 1704 38
282 1639 404 1717 δέοντος
422 1638 623 1726 χρησάμενος
636 1643 678 1728 τῇ
695 1645 796 1729 φωνῇ,
815 1638 860 1728 μῇ
882 1638 1010 1706 οἴεσθαι
1023 1637 1122 1706 αὐτόν
1137 1637 1223 1721 ἔλεγε
1237 1639 1301 1702 reis
1316 1660 1375 1700 κα-

280 1741 441 1826 λουμένων
461 1735 523 1804 αἰτό
542 1741 694 1824 Χριστοῦ.
715 1735 731 1802 ό
762 1744 831 1816 νέος
845 1741 880 1804 δὲ
898 1735 1096 1826 Ἀνδρόνικος
1111 1732 1374 1821 εάθόςτιρόςτόν

279 1839 423 1903 τοιοῦτον
431 1832 578 1903 ἀπαντῶν
591 1837 691 1922 λόγον,
711 1839 879 1925 ,κράτιστε
892 1840 1044 1922 βασιλεῦ’
1060 1835 1122 1924 ἔφη
1131 1838 1216 1918 „ruis
1229 1832 1301 1917 ἐμοὶ
1313 1835 1424 1904 susus

250 1938 513 2020 Βέπενεχθὲντιον
535 1939 735 2024 ἐγκλημάτων
753 1939 876 2002 πολλῶν
889 1929 985 2004 όντων
1000 1939 1056 2004 κατ’
1070 1936 1238 2020 χαλεπῶν,
1251 1931 1297 2002 ἔτι
1317 1929 1376 1998 καὶ

278 2039 377 2102 πλείω
398 2037 453 2101 καί
469 2036 677 2122 χαλεπώτερα
698 2039 757 2103 σοῦ
776 2033 987 2124 προτάξαντος
1008 2031 1127 2122 ῇνεγκα,
1139 2028 1179 2102 άν
1197 2035 1279 2122 σιγῇ.
1302 2027 1372 2099 itt

278 2134 336 2202 νῦν
352 2131 450 2220 ἔφης,
480 2131 526 2218 μῆ
550 2133 681 2202 οἴεσθαί
700 2160 742 2217 με
763 2133 980 2222 Χριστιανόν,
1008 2137 1156 2202 τοσοῦτον
1183 2125 1291 2214 άπέχα
1311 2129 1373 2196 τοῦ

279 2233 353 2321 σιγῇ
368 2235 477 2320 φέρειν
494 2226 605 2318 ῇπρός
621 2234 678 2316 ἐμὲ
699 2235 848 2320 εἰρῆσθαι
870 2233 1026 2317 νομιζειν,
1048 2228 1123 2298 ὥστ’
1144 2232 1274 2316 imitor
1291 2221 1374 2316 ἤτι-

279 2353 333 2407 νος
346 2333 409 2395 τῶν
437 2333 641 2418 φαυλοτέραν
664 2331 723 2419 τὴν
750 2332 860 2422 φωνὴν
885 2330 1004 2419 ταότην
1023 2333 1154 2416 νομίζω.
1179 2332 1249 2398 ἀλλ’
1270 2331 1302 2396 εἰ
1317 2331 1429 2408 araizo

280 2423 387 2513 αῦτός,
408 2455 501 2517 φημι,
523 2429 584 2513 οῦγΙ
605 2433 665 2519 ἡγῇ
688 2456 729 2516 με
754 2430 947 2519 Χριστιανὸν
954 2484 965 2516 ,
986 2431 1055 2498 άλλ’
1085 2429 1137 2516 όγε
1150 2429 1185 2498 τό
1200 2428 1374 2513 σεβάσμιον

278 2521 377 2591 αῦτοῦ
399 2525 479 2610 αἷμα
498 2530 578 2616 άπὲρ
601 2532 682 2612 ε’μοῦ
712 2529 947 2619 φιλανθρώπως
977 2531 1090 2614 ἐκχέας
1110 2526 1271 2616 Χριστός,
1289 2525 1371 2614 ῦπὲρ

278 2617 317 2692 οὗ
337 2625 394 2690 sai
411 2621 508 2703 αῦτός
521 2631 644 2709 ἕτοιμος
655 2623 736 2694 εἶναι
751 2629 786 2695 τὸ
801 2627 883 2696 ἴδιον
901 2631 1088 2712 ἀποδοῦναι,
1110 2631 1225 2715 καιροῦ
1239 2627 1375 2692 καλοῦν-

277 2747 341 2806 τος,
361 2719 569 2812 θαρροῦντας
589 2726 682 2820 φημὶ,
704 2721 822 2794 ἑαυτοῦ
837 2726 893 2793 καὶ
909 2728 1013 2795 οἴεταί
1018 2753 1060 2812 με
1076 2729 1132 2798 κατ’
1142 2722 1296 2812 ὀνομάζει.
1316 2723 1378 2800 κατ’

350 2847 388 2899 ι6.
405 2840 630 2978 ίἐγιαιὶεγνέντιιν
648 2855 738 2908 antes.
819 2865 861 2904 so.
880 2849 922 2902 Itu
941 2865 1010 2906 corr.
1034 2865 1085 2920 pro
1102 2847 1245 2924 sopitur,
1263 2845 1320 2900 El).
1340 2843 1368 2899 P.

345 2931 402 2988 νομ
432 2931 483 2972 ειν.

276 3016 339 3073 ilios
358 3037 440 3090 quarn
457 3039 501 3076 me
523 3022 656 3077 iudicasse
670 3022 844 3094 prudentius.
879 3021 951 3078 Mihi
967 3037 1031 3076 vero
1047 3021 1147 3074 melius
1166 3017 1258 3092 (mitto
1275 3017 1368 3073 dicere

276 3089 387 3160 iustius)
403 3091 599 3160 persuadebam
610 3095 679 3158 iore,
696 3112 728 3146 eo
745 3095 825 3146 modo
845 3110 934 3146 rerum
954 3102 1079 3150 eventum
1094 3091 1196 3144 videro.
1233 3089 1373 3214 grimm

276 3167 367 3212 nutem
386 3161 496 3214 adverso
514 3181 571 3216 sors
589 3167 628 3218 its
649 3181 691 3216 me
707 3163 880 3218 horribiliter
895 3163 1009 3226 afflavit,
1033 3172 1064 3216 ut
1089 3164 1166 3215 nulio
1190 3178 1234 3214 mo
1298 3159 1373 3218 mihi

276 3225 396 3310 flebitom
413 3232 568 3284 libertotem
588 3234 624 3288 ad
648 3235 871 3304 respondendum
891 3233 1052 3290 criminibus
1070 3234 1228 3295 obtineam,
1245 3248 1293 3286 oro
1310 3247 1374 3283 ma·

275 3306 402 3352 testatem
421 3310 510 3364 tuom,
531 3306 687 3370 imperator,
706 3307 748 3356 uti
768 3307 843 3375 prius
863 3305 1025 3360 sententiam
1046 3321 1081 3356 ne
1100 3305 1180 3368 ferus,
1199 3319 1279 3376 quam
1297 3317 1371 3372 quse

276 3365 423 3430 obiecisti,
446 3373 586 3442 explorata
605 3383 634 3426 et
660 3374 775 3444 probata
793 3376 912 3428 fuerint:
932 3383 963 3427 ut
981 3376 1004 3428 si
1024 3374 1091 3445 quid
1111 3391 1206 3430 eorum
1226 3371 1372 3429 admisisse

276 3434 483 3504 deprehendar,
513 3445 604 3510 eapite
636 3461 739 3513 poenas
768 3447 923 3500 exsolvam:
950 3446 993 3495 sin
1012 3454 1169 3511 autemper
1186 3444 1277 3496 omnis
1297 3439 1373 3498 libes·

273 3512 303 3557 et
328 3507 459 3562 innocens
491 3511 615 3564 invenior
639 3513 725 3588 (quod
753 3522 781 3568 te
804 3531 915 3587 quoque
941 3513 1096 3568 desiderare
1122 3521 1151 3566 et
1176 3509 1246 3566 v'otis
1271 3519 1370 3581 optare

273 3576 411 3658 existimo)
430 3587 460 3632 ut
491 3581 543 3632 tibi
567 3601 670 3634 rursum
696 3587 767 3652 patri
783 3603 814 3636 ατ
839 3583 951 3636 domiuo
971 3601 1031 3637 meo
1051 3584 1125 3655 quod
1144 3583 1258 3636 libuerit
1276 3583 1370 3636 secero

272 3646 363 3702 liceat.
416 3649 465 3702 His
491 3652 580 3704 verbis
607 3655 709 3706 maiore
736 3654 916 3710 inflammatus
942 3655 981 3708 ira
1009 3657 1101 3707 senior
1134 3656 1272 3724 asperiore
1301 3667 1369 3705 vooe

273 3733 354 3838 guam
378 3717 418 3770 fos
444 3729 502 3774 erut
526 3723 697 3786 exclamans,
723 3724 850 3776 arbitrari
868 3743 897 3776 se
923 3723 1001 3782 illum
1027 3741 1082 3778 nou
1103 3741 1161 3776 esse
1180 3721 1370 3778 Christianum

294 3789 352 3840 isit.
390 3789 443 3844 Cui
462 3789 544 3844 verbo
556 3793 648 3846 iunior
666 3797 757 3846 statim
778 3797 816 3846 sic
833 3794 965 3848 occurrit:
985 3793 1053 3848 Cum
1072 3794 1157 3848 mults
1176 3801 1204 3846 et
1222 3793 1312 3864 gravia
1332 3792 1369 3846 de

272 3875 316 3910 me
335 3859 448 3913 crimino
477 3862 658 3932 praedicaris,
676 3865 826 3934 imperator
849 3867 971 3934 optime,
999 3867 1022 3918 si
1047 3865 1125 3936 plum
1150 3861 1239 3918 adhuc
1258 3872 1287 3916 et
1304 3879 1369 3934 gra·

271 3930 347 3980 viora
367 3933 562 3998 praedicasses,
581 3935 694 3990 silentio
713 3936 921 3990 sustinuissem:
941 3933 990 3988 sed
1008 3937 1073 4007 quio
1091 3951 1165 3988 nuuc
1183 3950 1227 3986 me
1245 3932 1367 3987 Christi·

271 4014 385 4054 anorum
403 4020 516 4056 numero
537 4005 634 4056 eximis
644 4042 654 4068 ‚
674 4012 781 4058 tontum
800 4005 898 4068 obest,
919 4013 951 4057 ut
968 4003 1020 4058 boc
1041 4005 1140 4056 toeitus
1160 4003 1247 4057 serum
1267 4012 1314 4056 out
1332 4005 1365 4060 iu

268 4083 314 4122 me
332 4073 477 4126 convenire
502 4072 614 4138 dueum,
639 4082 670 4128 ut
694 4075 804 4139 culicis,
831 4084 878 4128 sut
905 4077 929 4132 si
954 4075 1023 4147 quid
1047 4084 1090 4128 est
1107 4091 1140 4130 eo
1158 4073 1363 4142 contemptius,

269 4135 341 4190 bane
360 4155 453 4195 vocem
480 4143 572 4197 dicere
595 4161 652 4198 non
673 4160 777 4204 vereor.
813 4145 868 4198 Sed
893 4153 925 4198 ut
941 4153 972 4198 tu
999 4161 1043 4196 me
1060 4161 1110 4214 pro
1129 4143 1289 4197 Christirno
1307 4158 1364 4198 nou

270 4205 391 4276 hobus,
410 4219 440 4266 st
457 4222 530 4270 certe
540 4213 674 4279 Chsistus,
693 4218 743 4288 qui
759 4217 909 4286 pretiosum
922 4216 1081 4288 sanguinem
1099 4231 1238 4288 suumpro
1256 4231 1300 4270 mo
1312 4213 1362 4272 be·
