3128 4922
296 351 303 380 .
351 291 424 418 46Ι
758 317 1040 388 clurlcmnur

205 483 267 540 dc.
279 472 397 562 ι3τοτρῖ
416 473 475 562 νὲτρ
499 471 776 561 προδθυμήθρμεν
790 479 930 560 βασιλεῖ,
959 467 1153 561 ἀδικουμένῳ
1175 493 1209 536 τε
1227 472 1301 560 περί
1319 473 1377 559 τήν
1393 467 1449 559 ἀρ.

351 570 414 660 χήν
438 573 494 641 καί
508 573 659 640 δεδοικότι
673 573 749 662 περί
768 573 806 640 τό
829 577 894 662 ζήν.
926 565 1042 640 droant
1065 564 1140 655 οάν,
1171 575 1216 663 τῷ
1236 575 1297 656 μὲν
1321 571 1381 640 σόν
1404 579 1447 662 τῷ

275 673 463 764 λ.τ6δικαι’ρν
487 673 546 761 τήν
568 673 675 762 ἀρχήν
691 677 925 756 κατακτᾶσθαι,
958 670 1012 738 τόν
1036 674 1075 737 δ’
1093 673 1212 750 ἀδίκως
1237 673 1447 761 ἀφαιρείσθω

351 772 409 844 καί
423 772 481 861 τήν
504 774 605 860 ζωήν·
630 770 728 838 said*
747 772 822 859 περί
843 770 898 838 τόν
923 773 980 838 ἕνα
1002 771 1204 860 πραττόντων
1224 767 1357 858 ἑτέρων,
1383 774 1447 838 τοῖν

351 868 561 940 ἀτοπωτάτων
577 871 687 956 ἐδόκει,
708 872 830 938 τούτων
844 871 1052 959 χαλεπώτερα
1069 872 1144 958 περί
1156 867 1209 936 τόν
1226 873 1333 959 ἓτερον
1346 873 1463 958 ἐξειρ.5

350 975 527 1059 γασμένους
543 970 658 1050 αότοός
676 969 828 1060 όφθήνυό,
846 969 902 1036 καί
917 965 1021 1058 διὐπερ
1040 973 1076 1036 ἐν
1099 973 1204 1054 ζυγοῖς
1223 971 1287 1035 τῶν
1306 971 1449 1056 πραγμά.

307 1065 414 1139 'usur
431 1074 485 1160 ἀφ’
500 1067 597 1160 ἑτέρῳ
613 1071 704 1159 μέρει
718 1071 952 1157 βαρυνομένων,
973 1071 1028 1136 ἐπί
1041 1066 1100 1156 τήν
1116 1065 1188 1155 ἴσην
1204 1061 1359 1155 ἀμετρίαν
1373 1065 1448 1154 πρός

347 1171 530 1240 τούναντίον
554 1164 668 1248 αότοδς
694 1173 901 1252 καταπιέσαι,
944 1169 1016 1260 δέον
1048 1169 1104 1234 ἐπί
1124 1167 1161 1234 τό
1184 1167 1252 1234 ἴσον
1273 1163 1447 1257 ἀναγαγεῖν.

347 1271 387 1338 osi
417 1268 484 1358 μήν
515 1261 591 1336 citt
616 1267 653 1334 τό
676 1269 833 1356 δήσαντας
858 1276 1026 1356 φρουρεῖν,
1061 1269 1118 1332 τοῦ
1143 1263 1227 1347 ἀπαξ
1250 1267 1448 1356 ήμερυότερον

347 1371 537 1436 ἀποκτεῖναι.
564 1377 628 1448 τοῖς
643 1367 705 1456 γάρ
723 1371 759 1434 ἐν
773 1365 844 1434 ἔθει
862 1371 921 1432 τοῦ
938 1371 1178 1456 θεραπεύεσθαι
1192 1369 1248 1431 καί
1262 1369 1485 1454 δορυφορεῖιο

350 1473 448 1551 σθαι,
470 1467 686 1558 φοβερώτερον
700 1470 758 1533 τοῦ
773 1469 964 1550 ἀποθανεῖν,
986 1465 1022 1532 τό
1038 1473 1113 1554 παρ’
1123 1463 1217 1547 ἀξίαν
1232 1477 1447 1554 κακοπραγεῖν.

346 1567 398 1634 διό
410 1568 467 1634 καί
481 1568 668 1635 πολλοότοόν
679 1567 886 1652 όμνουμὲνων
902 1567 990 1656 παρὰ
1009 1565 1185 1650 Ῥωμαίοις
1196 1563 1447 1654 αὐτοκρατόρων,

344 1671 466 1753 μᾶλλον
481 1671 600 1734 εόλοντο
624 1667 818 1750 ἀποθανεῖν,
848 1661 999 1752 ήζῶντες
1017 1669 1159 1754 αἰσχροῖς
1184 1665 1346 1732 δουλεύειν
1371 1661 1447 1732 ἀτυ.

346 1771 503 1856 χήσαντες
522 1769 597 1854 περί
610 1765 669 1845 τός
683 1767 809 1852 μάχας·
836 1764 892 1832 καί
905 1765 1007 1856 χωρίς
1023 1769 1059 1833 δὲ
1075 1767 1212 1847 τούτων,
1231 1763 1266 1832 τό
1283 1762 1370 1852 παρὰ
1384 1769 1448 1832 τοόν

345 1869 499 1959 φυλάκων
515 1866 559 1943 oie
576 1867 721 1956 δεσμοότχ
747 1865 967 1952 προσεχόντων
991 1863 1255 1953 περιυβριζεσθαι
1275 1863 1331 1929 καί
1344 1867 1483 1934 leudo-ri

264 1974 489 2058 Εἱλῖρεῖσθαι,
517 1965 633 2044 παντός
648 1961 752 2051 ἀνείη
770 1964 949 2054 πικρότερον
964 1960 1077 2043 όδατος
1095 1962 1221 2048 Στυγός.
1251 1961 1297 2030 ἔτι
1315 1967 1352 2030 δ’
1370 1964 1445 2028 οὐδ’

343 2063 523 2156 ἀσφάλειαν
542 2065 618 2152 ήμῖν
643 2067 778 2151 παρέχει
800 2063 837 2129 τό
854 2065 1009 2150 δήσαντας
1033 2073 1195 2152 φρουρεῖν.
1234 2057 1275 2128 ἀν
1289 2060 1350 2152 γάρ
1368 2061 1446 2153 ότῳ.

343 2170 446 2255 δήτινι
463 2163 567 2254 τρόπῳ
585 2163 738 2250 δυνηθείη
753 2163 795 2228 τά
817 2160 919 2246 δεσμό
944 2165 1131 2251 διαφυγεῖν,
1160 2157 1235 2251 όπερ
1257 2162 1333 2250 ἡμῖν
1349 2167 1446 2251 πρόσ.

340 2291 407 2332 εστι
426 2268 501 2349 νῦν,
537 2259 574 2330 τό
591 2264 761 2340 δοκοῦντος
786 2256 968 2328 ἀδικεῖσθαι
992 2265 1195 2348 καρποῦσθαι
1218 2259 1275 2347 τήν
1296 2262 1445 2330 ἀπάντων

339 2358 476 2447 εὔνοιαν,
497 2362 606 2452 ἑκείνιρ
623 2361 853 2448 περιστήσεται,
871 2363 927 2427 καί
940 2362 1151 2450 σφοδρότερον
1166 2360 1345 2449 πολεμήσει,
1360 2387 1480 2445 nous-20

337 2463 454 2549 μάχαις
470 2462 648 2550 προθύμοις
666 2463 722 2526 καί
737 2469 803 2540 τοῖς
823 2460 993 2548 περιοίκοις
1009 2463 1184 2549 βαρβάροις
1202 2462 1259 2525 καί
1269 2461 1446 2544 Ῥωμαίοις

335 2563 507 2650 χριόμενος.
539 2557 591 2626 ὅτε
611 2559 720 2626 τοίνυν
754 2557 788 2625 τό
817 2563 879 2642 μὲν
903 2561 1086 2626 ἀποκτεῖναι
1110 2559 1292 2645 ἀλαστόρων
1317 2562 1373 2627 καί
1387 2562 1445 2626 ἀν.

338 2663 504 2753 δρυφόνων
518 2658 682 2744 ἐπιτιμίαν
703 2659 741 2724 od
757 2660 853 2743 μόνον
871 2661 957 2747 ήμῖν,
979 2658 1060 2725 ἀλλά
1080 2663 1136 2726 καῖ
1153 2659 1263 2727 παισίν
1278 2659 1444 2748 ἡμετέροις

336 2837 440 2892 stitlnm
459 2841 601 2908 respectu,
618 2827 769 2886 studiosius
786 2831 821 2884 sd
839 2834 1032 2906 opitulandum
1046 2836 1073 2887 ei
1087 2834 1271 2898 incubuimus,
1329 2835 1337 2886 i
1358 2842 1387 2886 et
1406 2835 1443 2888 sle

337 2909 454 2980 imperio
485 2915 515 2960 et
539 2904 575 2957 de
599 2905 656 2959 vits
679 2903 824 2956 laboraret.
862 2905 1017 2958 Absurdum
1037 2913 1079 2958 ost
1096 2908 1195 2976 igitur,
1213 2904 1280 2958 lrulc
1296 2913 1369 2958 ruste
1387 2907 1442 2958 im·

337 2981 445 3051 perium
469 2975 627 3040 vindicare,
652 2975 696 3027 illi
718 2976 822 3027 iniuste
852 2978 934 3029 etiam
958 2979 1042 3031 vitum
1063 2979 1186 3047 eripere,
1209 2985 1237 3030 et
1255 2992 1340 3048 qnae,
1366 2977 1393 3028 si
1411 2981 1442 3029 ln

336 3053 420 3103 ulium
440 3045 648 3120 designarentur
664 3046 699 3098 sh
718 3046 795 3111 aliis,
813 3047 1002 3100 erudelissima
1019 3047 1196 3112 duceremus,
1216 3049 1251 3100 ils
1270 3048 1358 3100 multo
1377 3063 1441 3100 eru-

337 3121 443 3174 deliorn
459 3137 510 3172 nos
529 3122 604 3190 ipsos
626 3119 655 3170 in
674 3119 866 3187 imperatorem
882 3117 1051 3172 mnelrinntos
1070 3117 1174 3172 videri:
1193 3127 1222 3172 et
1238 3119 1315 3172 velut
1332 3119 1362 3169 in
1380 3125 1442 3170 tru-

336 3192 414 3256 tinn,
441 3191 523 3244 rebus
550 3191 580 3242 in
597 3205 653 3240 una
676 3189 753 3241 lance
773 3187 1001 3260 devergentibus,
1025 3190 1059 3242 nd
1077 3190 1196 3242 similem
1214 3189 1440 3261 inaequalitatem

333 3277 370 3314 ox
388 3263 523 3314 contrariu
552 3265 628 3329 purte
653 3259 764 3311 alteram
783 3259 889 3313 lancem
907 3259 1080 3386 διεχντὶωετε,
1109 3277 1169 3313 eum
1186 3260 1276 3314 nmbns
1293 3261 1387 3331 potius
1406 3261 1441 3313 nd

334 3332 531 3404 aequilibrium
549 3346 712 3399 componere
732 3330 887 3384 debeamus.
950 3349 982 3384 ec
997 3349 1061 3385 vero
1079 3333 1174 3385 mitius
1195 3349 1257 3384 euru
1274 3329 1439 3384 habebimus

335 3406 360 3457 si
382 3405 504 3456 vinetum
527 3403 557 3454 iu
583 3399 733 3454 custodium
761 3401 917 3465 tardamus,
944 3420 1026 3475 quum
1054 3405 1077 3454 si
1103 3404 1190 3457 semel
1218 3402 1438 3474 iugulaverimus.

335 3473 393 3546 Qui
404 3475 484 3528 enim
502 3482 555 3525 tum
574 3469 691 3524 officiose
710 3472 774 3535 ooli,
791 3473 978 3544 satellitioque
992 3483 1100 3597 εεαιρετ
1112 3475 1210 3550 stipari
1226 3483 1438 3536 consueverunt,

337 3545 372 3598 iis
391 3543 526 3616 dignitate
545 3559 591 3595 sun
609 3542 700 3596 orbari
724 3551 808 3614 utque
830 3543 864 3596 ad
887 3545 1024 3597 miseriam
1061 3545 1152 3599 etrudi
1162 3584 1170 3610 ,
1188 3553 1275 3598 morte
1293 3546 1351 3615 ipsu
1369 3545 1438 3596 hor·

334 3614 445 3670 ribilius
473 3623 525 3670 est.
568 3614 642 3666 Hine
671 3615 765 3684 plures
783 3616 964 3667 liomsnorum
973 3617 1166 3684 imperatores,
1185 3631 1300 3688 quorum
1319 3615 1439 3668 celebris

334 3695 378 3774 ost
395 3684 468 3757 opud
486 3691 610 3772 posteros
627 3686 766 3748 memoria,
780 3685 893 3758 praeliis
910 3687 952 3738 usi
972 3685 1101 3772 adversis,
1118 3690 1297 3772 mori-quum
1314 3687 1371 3738 vivi
1390 3689 1438 3772 in·

333 3755 1439 3900 issttttttttittitttmitff‘ittt,ittittt‘ttti'z‘tittittttz

333 3899 417 3963 cedit,
424 3897 498 3972 quod
508 3915 598 3968 neque
608 3898 757 3950 securiores
768 3899 877 3962 erimus,
888 3900 911 3951 si
920 3915 981 3952 eum
990 3903 1090 3953 carceri
1097 3897 1322 3954 mundnserimns.
1341 3897 1436 3970 Quip-

332 3985 369 4041 pe
379 3971 401 4022 si
411 3980 470 4057 orte
483 3967 650 4054 sliqrrsinde
663 3969 771 4091 ελεριιιι
781 3969 875 4031 fuerit,
891 3969 965 4040 quod
980 3969 1065 4058 hodie
1077 3971 1187 4024 abunde
1197 3969 1277 4024 datur
1288 3969 1380 4036 nobis,
1392 3979 1435 4055 ot,

331 4039 1435 4182 ttttttftlzitinitii,tto„titttlt'tttttttsttsstt

330 4180 542 4244 adiuvantibus,
571 4180 715 4236 infestiore
740 4177 770 4236 ld
788 4197 838 4234 nos
859 4181 946 4236 Marte
965 4183 1107 4254 pugnnbit.
1144 4183 1217 4254 Quia
1236 4183 1320 4254 igitur
1337 4198 1353 4234 e
1372 4197 1433 4233 me·

331 4251 378 4305 ‹tto
404 4252 502 4307 tollere
529 4253 721 4324 imperatorem
749 4251 831 4307 nobis
857 4251 1010 4328 liberisque
1031 4255 1131 4311 uostris
1152 4254 1320 4310 nefariorum
1347 4261 1434 4324 atque
1491 4285 1496 4295 ·
