3056 4922
443 315 725 388 instaurantur
762 328 786 388 1.
808 325 858 394 ιο.
1121 297 1200 412 ¹73

132 467 257 552 σάμαοι
282 469 493 557 ἐπολιόρκουν
538 467 634 560 ούσης
662 479 697 542 δὲ
724 475 812 556 όντός
839 472 1012 564 ἀξιομάχου
1039 482 1347 565 aequandam-stas

131 561 221 654 ἤνυον
238 565 347 654 ούδὲν,
370 567 453 638 άλλά
475 573 704 643 δκακοπάθουν.
743 575 760 642 δ
787 575 848 664 γάρ
881 577 1035 665 Τερτερὴς
1060 575 1129 660 άμα
1157 583 1203 666 τῷ

130 667 183 752 τόν
204 666 451 738 Φιλιππούπολιν
472 683 656 758 κατασχεῖν,
686 675 792 754 δείσας
811 675 857 763 μὴ
879 670 976 754 αύδις
996 675 1026 742 οἱ
1043 675 1203 759 Ῥωμαῖοι

129 768 320 864 ἐπελθόντες,
355 767 408 835 διά
428 770 486 857 τὴν
506 771 708 859 ὀλιγανδρίαν
718 827 729 858 ,
750 771 855 863 οἵσπερ
877 777 933 842 καί
951 770 1067 858 αύτός,
1087 779 1232 852 dimetro

110 865 245 958 δαῦτῆν,
278 865 345 950 άμα
366 872 404 934 δ’
428 865 478 936 ότι
498 874 553 938 καί
581 874 615 937 ἐν
636 869 733 959 όρίοις
752 870 791 958 ἦν
821 876 877 959 τῆς
896 876 1014 940 ε’κείνου
1042 875 1097 940 καί
1116 877 1202 945 ‘Pon-

126 968 223 1046 μαίαν
241 965 410 1052 ἡγεμονίας
416 1019 426 1050 ,
460 969 585 1054 χιλίους
611 975 672 1054 μὲν
698 969 812 1051 ἱππέας
837 971 975 1058 λογάδας
1000 975 1033 1050 ἒξ
1058 968 1202 1040 batavus

126 1064 178 1128 καί
193 1069 331 1149 Μυσῶν,
351 1072 407 1134 καί
425 1071 475 1146 δίς
493 1071 663 1148 τοσούτους
684 1069 799 1164 πεζούς
819 1071 1002 1154 πελταστάς,
1023 1071 1056 1138 oi
1074 1075 1202 1138 duxerint

124 1167 340 1250 μαχιμώτατοι
359 1163 442 1233 εἶναι
459 1174 537 1256 παρ’
559 1171 685 1254 αὐτοῖς,
706 1171 764 1258 τὴν
783 1171 876 1238 πόλιν
895 1169 1019 1254 ἔπεμψε
1041 1179 1203 1259 φρουρεῖν.

126 1257 268 1348 άρχοντες
300 1268 335 1332 δὲ
353 1261 436 1352 ἦσαν
467 1269 574 1336 αύτύίν
604 1266 687 1354 δ’,τε
715 1267 827 1357 Ἰτιλης
846 1269 902 1336 καὶ
928 1269 945 1335 o‘
970 1267 1132 1356 Τεμὴρης,
1164 1267 1201 1334 τό

92 1365 203 1446 ιογίνος
219 1359 364 1449 Ἄλανοί,
396 1366 452 1432 καί
467 1369 550 1447 ’Iuda
578 1365 652 1450 όέξ
675 1363 850 1457 Ούγκραν·
885 1368 1058 1457 στρατηγός
1086 1372 1122 1434 δὲ
1149 1368 1204 1434 ε’πί

122 1463 212 1528 πάσιν
233 1458 389 1550 Ἰβάνηςό
415 1465 501 1545 ‘Patr
520 1467 600 1534 κατά
621 1493 655 1533 τε
671 1479 764 1556 χεῖρα
784 1479 923 1556 γενναῖος
939 1467 994 1534 καί
1014 1465 1203 1554 ἐμπειρότα-

122 1583 171 1637 τος
189 1575 383 1650 στρατηγεῖν
412 1565 447 1632 oi
462 1570 519 1632 καί
543 1567 795 1655 τετελευτηκότος
823 1572 879 1634 τοῦ
906 1568 1061 1651 βασιλέως
1088 1564 1203 1646 αύτῶν,

122 1655 157 1722 ού
176 1665 341 1729 κατέλιπον
368 1663 426 1750 τὴν
446 1665 562 1750 πόλιν,
590 1668 659 1732 ἀλλ’
672 1669 852 1755 ἐφρούρουν
879 1670 1034 1750 μένοντες.
1066 1664 1139 1731 τότε
1166 1667 1203 1730 δὲ

121 1761 371 1846 πολιορκούμενοι
398 1762 461 1828 siud
482 1769 656 1850 βασιλέως,
686 1765 747 1846 ἔξω
772 1766 961 1847 μὲνπυλῶν
980 1761 1023 1840 σός
1044 1765 1077 1839 ἐς
1096 1762 1202 1846 μάχην

90 1855 370 1944 ιὸπαραταξάμενοι
388 1860 548 1950 προῄεσαν
564 1864 723 1946 ούδαμάς·
743 1863 801 1940 τάς
813 1862 916 1939 πύλας
936 1865 971 1929 δὲ
989 1856 1202 1944 ἀποικοδομή-

121 1981 242 2042 σαντες,
275 1957 339 2024 dud
368 1965 434 2028 τάν
470 1966 586 2046 τειχῶν
614 1963 768 2049 ἠμύνοντο
797 1963 958 2049 καρτεράς
989 1963 1045 2027 καί
1068 1957 1202 2026 ἐκάκουν

120 2055 214 2121 πολλοὶ
234 2057 296 2143 τῆν
323 2063 479 2142 βασιλέως
506 2061 667 2148 στρατιάν.
699 2062 901 2148 ἐπολιόρκησε
921 2063 981 2142 μὲν
1008 2052 1065 2126 σύν
1086 2053 1203 2132 αύτοός

120 2151 135 2217 ό
154 2157 304 2236 βασιλεύς
323 2157 379 2224 ἐπί
391 2163 542 2246 τέσσαρσι
560 2165 642 2247 μησί
659 2163 802 2245 συνεχοῦς
818 2157 974 2246 ὁσημέραι
992 2158 1204 2242 τειχομαχεῖν.

119 2247 362 2343 ἆσαγορεύοντος
395 2261 431 2324 δὲ
465 2258 523 2345 τὴν
554 2258 740 2347 παράληψιν
769 2253 848 2346 ἤδη,
889 2261 924 2324 ἐκ
951 2257 1125 2344 Γερμανῶν
1153 2277 1201 2330 τις
1210 2279 1236 2330 p,
1244 2281 1298 2337 103

84 2353 187 2440 ²⁰³⁶&
213 2355 444 2440 ΐέῑκθμακικᾶε
470 2359 617 2444 μηχανάς
634 2359 857 2444 ἐξησκημένος,
892 2355 938 2432 σός
968 2357 1003 2422 ἐν
1025 2357 1125 2444 ῥρδίιρ
1146 2356 1204 2440 τῆς

118 2453 339 2540 ἐπιχειρήσεως
367 2459 468 2522 ἐδόκει
495 2457 515 2543 ἦ
544 2455 635 2535 πόλις
655 2463 798 2540 κεῖσθαι,
828 2457 959 2532 ἐλπίδας
978 2457 1035 2540 τῆς
1054 2453 1203 2528 άλάσεας

118 2551 152 2614 οδ
172 2551 302 2637 φαύλας
329 2553 475 2622 innata
494 2557 538 2646 τῷ
558 2563 698 2641 βασιλεῖ,
728 2559 784 2622 καί
810 2553 1015 2641 ἐδημιούργει
1040 2549 1077 2617 τό
1097 2550 1204 2635 μηχά-

117 2657 206 2734 vena,
226 2651 459 2736 προστάξαντος
475 2660 640 2741 βασιλέως.
662 2649 702 2744 ἦν
724 2659 760 2722 δὲ
777 2653 907 2722 τοιόνδε·
928 2651 984 2719 ἐπί
1000 2661 1127 2738 τροχοῖς
1148 2647 1240 2738 iss-v·
1253 2684 1287 2750 ⁸7

186 2789 225 2825 ιι.
243 2773 347 2826 Ιόσιιιι
365 2791 465 2828 nomen
487 2773 643 2842 Scytbicum
661 2791 711 2846 pro
729 2778 858 2841 ioannes;
882 2771 976 2826 btaobi
996 2779 1092 2824 antem·
1104 2769 1199 2838 Ἰβαγ-

181 2838 236 2966 ἔδει
245 2843 400 2966 pigebat,
419 2852 451 2898 ut
467 2853 562 2900 auctor
577 2847 697 2901 Nicetes.
732 2849 793 2902 ΕΒ.
812 2846 842 2900 Ρ.
887 2843 950 2898 vid
968 2843 1088 2913 Ducang.
1109 2843 1197 2894 Gloss.

116 3016 165 3067 ism
179 3017 263 3080 urbe,
281 3035 337 3072 non
351 3020 439 3074 solum
458 3020 529 3075 nihil
541 3021 713 3085 efficiebant,
732 3019 780 3073 sed
797 3020 868 3072 male
890 3015 1079 3071 multabantur
1105 3013 1196 3076 etiam,

116 3087 185 3154 qaod
209 3090 293 3142 multi
318 3099 393 3143 eraut
418 3093 493 3144 intas
521 3101 549 3143 et
573 3094 632 3163 pari
650 3094 750 3143 virtute
776 3093 890 3144 milites.
919 3089 1061 3140 ,Terteres
1080 3102 1196 3154 namque

115 3157 191 3209 simul
213 3175 244 3211 ac
269 3159 457 3232 Philippopoli
486 3164 589 3233 potitus
613 3170 668 3226 est,
698 3163 811 3223 timens,
838 3177 873 3212 ne
904 3159 1024 3210 vicissim
1051 3157 1196 3225 inopinato
1259 3189 1262 3197 ·

114 3225 265 3281 adorientes
295 3233 425 3296 Romani,
453 3233 489 3286 ob
514 3233 655 3302 penuriam
679 3241 912 3302 propugnatorum
940 3245 999 3280 enm
1023 3235 1197 3296 occuparent,

115 3299 340 3365 quemadmodum
358 3304 417 3372 ipse
436 3312 599 3372 occuparat:
629 3312 656 3355 et
675 3303 740 3374 quia
761 3303 789 3353 in
815 3300 941 3354 confiniis
960 3306 1019 3350 erat
1036 3299 1077 3350 sui
1097 3299 1197 3350 Roma-

114 3381 263 3440 norumque
286 3373 409 3442 imperii,
432 3375 547 3428 selectos
575 3389 608 3425 ex
632 3373 725 3426 Alanis
752 3379 780 3424 et
803 3373 906 3425 Moesis
930 3370 1036 3440 equites
1065 3369 1141 3420 millo
1169 3377 1197 3420 et

114 3437 164 3489 duo
183 3441 307 3508 pediturn
326 3451 489 3496 cetratorum
507 3445 611 3508 miliia,
635 3443 683 3514 qui
702 3443 774 3511 apud
794 3445 868 3514 ipsos
886 3441 1023 3494 habeatur
1041 3439 1196 3492 bellicosis·

113 3509 187 3571 simi,
212 3511 345 3579 praesidii
373 3531 451 3566 eausa
476 3531 508 3567 eo
537 3516 653 3566 miserat
695 3516 794 3566 Eorum
816 3514 898 3566 daces
923 3513 999 3564 Itilea
1021 3518 1050 3562 et
1068 3511 1196 3562 Temeres

114 3593 144 3628 er
163 3580 256 3632 Alanis
275 3585 404 3648 oriundi,
424 3595 452 3637 et
469 3586 530 3637 Inns
550 3601 583 3638 ex
607 3585 758 3653 Huagaris3
787 3601 906 3638 narramus
931 3583 1079 3650 imperator
1097 3581 1195 3632 lbaaes

113 3647 243 3714 iibosrnr,
268 3668 349 3705 manu
374 3664 514 3726 promptus
546 3664 574 3708 et
600 3657 666 3707 artis
693 3657 886 3725 imperatoriae
914 3652 1117 3704 scientissimus.
1157 3651 1197 3732 ΙΗί

112 3727 170 3788 post
190 3721 244 3772 fata
264 3727 334 3794 regis
353 3724 443 3778 nihilo
466 3729 556 3780 minus
581 3726 677 3777 urbem
703 3727 859 3778 tuebantur.
904 3723 1032 3775 Ceterum
1056 3729 1121 3772 tune
1140 3737 1196 3770 crr-

115 3800 259 3862 eumaessi,
288 3798 428 3848 instructis
446 3798 522 3849 velot
542 3795 577 3848 ad
599 3799 734 3867 proelium
758 3795 902 3847 ordinibus
929 3807 1099 3860 nequaquam
1119 3805 1197 3856 egre·

115 3859 271 3922 diebantur:
292 3868 437 3919 obstructis
457 3877 547 3920 autem
565 3870 672 3936 portis,
691 3869 725 3920 de
745 3865 888 3917 moenibus
907 3879 936 3914 se
962 3861 1070 3913 fortiter
1097 3859 1195 3912 desen·
1237 3893 1239 3898 .

87 3999 91 4002 -
115 3935 217 4004 sabana,
235 3957 286 3992 nec
307 3955 401 4008 parram
415 3937 569 3990 obsessores
588 3937 731 3990 vexabant.
753 3934 872 3988 Obsedit
889 3948 935 3983 eoa
953 3931 1101 3999 imperator
1118 3945 1197 3981 raea-
1273 3980 1280 3997 ‚

115 4005 186 4059 sibus
203 4010 342 4064 continuis
364 4017 498 4078 quatuor,
522 4007 648 4078 quotidie
674 4008 759 4058 muris
786 4003 1018 4074 oppugnationem
1042 3997 1195 4052 admovens.

114 4075 165 4128 Sed
183 4095 245 4132 eum
264 4081 493 4150 expugnationem
514 4076 690 4148 desperaret,
709 4071 861 4130 Germanus
880 4071 992 4143 quidam
1008 4067 1195 4152 machinarum

113 4149 254 4202 moralium
273 4151 394 4220 egregius
415 4149 529 4211 artifex,
549 4151 616 4221 quia
634 4148 698 4202 urbs
717 4145 752 4200 ad
770 4144 968 4216 aggressionem
986 4139 1127 4224 commodo
1142 4148 1196 4191 sata

114 4215 271 4286 ridebatur,
295 4237 343 4292 spe
361 4237 459 4290 magna
477 4219 554 4272 illurn
578 4218 740 4290 compleritr
770 4217 847 4270 enias
868 4215 943 4268 iussu
966 4211 1196 4268 maehinanonen
