3082 4940
460 301 745 366 utsaoamaorr
767 305 805 365 ιι.
827 303 878 372 ae.
1129 275 1205 378 541

119 456 295 542 περιτνγοόν
326 455 496 542 έιιράτησεν
528 455 717 542 αάτάνδρων
745 453 801 520 καὶ
824 452 917 520 πάλιν
947 447 1143 522 ἀπέπλευσεν
1163 459 1280 534 siene.
1294 470 1359 540 atto

117 556 301 634 Βυζάντιον.
336 553 516 638 πυθόμενος
538 559 573 622 δὲ
594 555 611 622 ό
632 553 781 639 βασιλεὺς
804 547 864 621 όσα
886 547 975 642 αότῷ
994 553 1070 642 περί
1088 555 1128 620 τά
1146 561 1210 639 βα-

115 652 220 721 σιλικά
240 657 412 742 γράμματα
432 653 682 744 νακουργηόείη,
704 656 760 722 καὶ
776 651 820 734 τός
850 653 963 738 λόγους
990 654 1131 742 διαδοίη,
1164 657 1210 739 μη

15 819 17 832 ,
115 758 289 839 βασιλέως,
321 754 390 820 ἀλλ’
408 759 444 822 έκ
462 759 525 822 τοῖν
544 754 635 822 ι’δίωυ
655 749 813 842 εἶναιτὴν
834 751 975 840 δαπάνην
994 756 1059 819 τῶν
1079 754 1240 841 aperies-p,
1253 773 1306 834 323

94 879 168 944 5mv,
189 854 268 945 όργῇ
286 879 319 922 τε
337 857 468 944 ἐφέρετο
490 853 567 943 πρός
587 853 685 922 αότόν
704 855 761 922 καί
778 853 859 942 πρός
877 852 930 921 τὸν
946 853 1047 940 μέγαν
1063 858 1210 938 δομέστι-

111 979 178 1040 τιον,
200 955 245 1034 οός
264 952 345 1043 sinte
367 959 488 1025 ἐκείνου
508 955 683 1044 πράττοντα
703 951 766 1022 ἀεί.
791 951 911 1046 ,,όρᾴς”
927 953 995 1044 ,ἔφη
1015 948 1093 1040 „oia
1115 949 1214 1022 Ἀπό-

113 1078 235 1140 ιιαυχος
255 1054 399 1144 τυρεόεις
432 1053 494 1142 έγά
516 1057 552 1122 δέ
572 1055 676 1122 καίτοι
694 1055 844 1134 πολλάκις
863 1053 1019 1142 όρμηδείς
1038 1051 1079 1120 τά
1102 1054 1213 1120 δέοντα
1256 1083 1261 1096 ·

110 1164 231 1238 ποιεῖν,
251 1160 312 1224 σοῦ
331 1155 524 1239 νωλόοντος,
545 1154 738 1244 ἀπεσχόμην.
781 1157 854 1224 νυνὶ
876 1159 912 1222 δέ
931 1180 988 1238 μοι
1008 1156 1091 1220 douai
1111 1156 1215 1239 μηδὲν

110 1254 262 1339 έμποδάν
291 1254 423 1323 ἔσεσθαι
443 1253 467 1322 ἀ
486 1255 582 1333 αάτός
603 1254 713 1339 οἴομαι
742 1262 916 1324 λυσιτελεῖν
941 1259 1076 1323 ποιεῖν.”
1119 1260 1213 1339 βασι-

72 1353 185 1434 potede
210 1358 274 1439 μὲν
295 1349 355 1422 ode
375 1360 508 1422 τοιαῦτα
528 1351 614 1422 εἶπεν
635 1355 848 1443 ὀργιζόμενος.
890 1354 907 1424 ό
930 1357 961 1420 δ’
983 1352 1088 1444 ἑαυτῷ
1108 1375 1214 1421 συνει-

109 1453 173 1533 daie
192 1454 334 1540 μάλιστα
349 1457 440 1547 αι’τίιρ
460 1459 526 1522 τῶν
541 1455 706 1544 παρόντων
724 1449 801 1540 ἀντι,
826 1453 940 1544 (σάτός
956 1452 1017 1542 γάρ
1034 1455 1213 1543 παρέσχετο
1311 1507 1316 1526 ,

15 1551 16 1556 “
102 1554 299 1646 ’Λποιιυιόχιρ
318 1556 375 1642 τόν
395 1551 510 1642 ἀρχήν,
531 1557 688 1639 βασιλέως
702 1555 939 1644 ἀντιλέγωσος,)
962 1557 1068 1643 σιωπῇ
1088 1555 1213 1640 παρῆλ-

105 1662 148 1722 da
168 1659 274 1744 μηδὲν
295 1656 490 1746 ἀποκριθείς.
517 1655 667 1740 βασιλεῦς
688 1657 724 1720 δέ
742 1647 822 1744 ἀχρι
839 1649 917 1742 ἦρος
938 1655 1119 1742 ἀρχομένου
1140 1655 1281 1722 tra-se.
1295 1660 1356 1732 riis
1434 1637 1438 1648 ³

104 1753 231 1845 τρίψας
252 1759 288 1823 έν
312 1757 543 1844 Θεσσαλονίκῃ,
576 1749 660 1843 ἀρας
691 1757 813 1820 ἐκεῖθεν
832 1749 932 1842 ἦλθεν
953 1755 998 1833 εἰς
1018 1751 1238 1837 Διδυμότει.Β

68 1870 166 1941 ι5χον
188 1859 247 1923 καί
265 1856 347 1941 μετὰ
367 1853 484 1943 μικρόν
510 1859 629 1941 ἐγένετο
661 1857 696 1922 έν
716 1857 924 1948 Βυζαντάρ..
945 1855 1156 1942 ένδιατρίψας
1177 1857 1214 1920 δέ

104 1953 164 2022 καί
181 1957 377 2037 Βυζαντίοις
396 1955 515 2044 χρόνον
534 1955 606 2023 τινά
628 1950 705 2040 οόχδ
734 1951 871 2040 συχνόν,
901 1949 1030 2037 ἔμελλεν
1051 1945 1150 2031 αὖθις
1169 1954 1216 2030 εἰς

108 2053 244 2148 Θρᾴκην
272 2055 409 2134 ἐξελθών
437 2055 529 2124 πόλιν
558 2055 701 2123 παλαιόν
729 2057 988 2140 κατεσκαμμένην
997 2053 1012 2135 ,¹
1043 2045 1081 2138 ἧς
1116 2077 1216 2142 φασιν

98 2144 289 2243 Ἀρκάδων
309 2149 390 2222 εἶναι
411 2153 550 2242 οἰκιστὴν
570 2151 627 2222 τόν
649 2153 824 2222 Θεοδοσίου
845 2156 905 2220 τοῦ
924 2154 1086 2237 μεγάλου,
1123 2155 1156 2230 ἐξ
1176 2143 1217 2216 οδ

103 2257 161 2322 κατ’
181 2254 245 2342 τὴν
267 2258 481 2343 προσηγορίαν
501 2255 626 2338 ἔλαχεν,
644 2255 815 2340 Ἀρκαδίου
840 2251 1139 2340 προσαγορευομένη
1158 2245 1216 2315 πό-

59 2361 170 2441 υολις,
195 2347 299 2430 αὖθις
318 2354 553 2438 ἀνοικοδομεῖν,
576 2353 662 2422 ἔστιν
685 2345 723 2420 οὗ
743 2352 800 2420 καί
818 2343 898 2440 ἀχρι
919 2355 976 2418 νόν
996 2351 1212 2440 περισωζομέ-

31 2508 34 2514 1
101 2483 169 2526 υτον
186 2461 256 2524 τῶν
273 2459 407 2541 τειχῶν,
437 2451 590 2541 ἀγασθείς
610 2458 669 2521 rosi
689 2453 788 2521 τόπου
809 2450 867 2540 τὴν
889 2454 1050 2552 εάφγλαν.
1091 2445 1134 2538 ἤν
1154 2447 1216 2538 γόρ

99 2561 161 2626 καί
181 2553 264 2642 περὶ
282 2553 341 2633 τός
364 2557 531 2640 οἰκοδομὰς
552 2555 720 2644 φιλότιμος
739 2555 756 2622 ό
773 2551 937 2639 βασιλεὺς,
959 2553 999 2616 οδ
1015 2551 1111 2634 μόνον
1129 2550 1220 2637 χρεί.

101 2685 143 2739 ας
167 2661 285 2740 ἕνεκα,
320 2650 400 2722 ἀλλά
423 2656 480 2722 ναί
497 2659 708 2742 ψυχαγωγίας
733 2649 779 2720 τόν
800 2657 925 2736 ἕτοιμος
947 2653 1105 2717 ἀναλοῦν.
1146 2654 1222 2737 περὶ

179 2815 208 2868 3.
231 2807 325 2880 λόγου
344 2811 495 2882 legebatur.
585 2867 587 2870 ,

99 2953 228 3023 potitus,
250 2949 410 3016 Byzantium
429 2947 535 3019 relegit.
571 2950 732 3020 Imperator,
750 2955 783 3000 ut
799 2947 858 2999 eius
877 2945 907 2998 in
926 2945 1026 3000 litteris
1046 2942 1221 3016 supprimen-

100 3025 147 3076 dis
168 3020 338 3094 nequitiam,
366 3030 395 3072 et
414 3017 554 3091 quomodo
572 3021 604 3072 in
625 3021 734 3090 vulgum
751 3035 832 3070 voces
852 3020 1012 3086 sparsisset,
1026 3035 1082 3070 non
1102 3017 1222 3088 impera-

97 3097 193 3160 toris,
212 3087 264 3144 scd
284 3107 359 3142 suam
383 3108 441 3144 esse
465 3091 626 3160 pecuniam,
652 3107 722 3162 quae
746 3089 775 3140 in
795 3090 918 3141 triremes
939 3087 1160 3156 impenderetur,
1179 3103 1224 3138 re·

99 3168 209 3228 scivit,
229 3159 419 3215 inhominem
438 3162 653 3224 excandescens,
672 3178 800 3232 magnum
820 3160 1010 3222 domesticum,
1030 3166 1061 3210 ut
1080 3159 1139 3210 eius
1159 3174 1224 3228 per-

99 3246 229 3309 petuum
256 3233 405 3298 fautorem,
431 3232 474 3285 his
493 3233 584 3286 verbis
612 3235 778 3304 compellat:
817 3231 923 3284 Sentiu'
949 3230 1018 3302 quid
1043 3225 1224 3300 Apocauchus

97 3305 222 3362 struat?
248 3303 304 3374 Ego
323 3321 386 3357 vero
404 3306 514 3357 tametsi
536 3303 665 3376 frequens
683 3303 759 3376 quod
778 3310 836 3355 eret
857 3307 980 3354 mearum
998 3303 1118 3372 partium
1138 3299 1225 3357 volui.

97 3379 152 3432 abs
175 3387 207 3432 te
229 3373 380 3444 impeditus
399 3377 487 3430 omisi.
512 3375 591 3428 Nunc
610 3375 679 3426 mihi
700 3374 736 3427 ad
755 3391 788 3427 ea
808 3391 914 3446 quaec
935 3373 1077 3442 republica
1098 3371 1156 3424 fore
1177 3372 1225 3423 iu-

97 3451 170 3504 dico
193 3445 335 3510 facienda,
353 3446 425 3499 nihii
445 3449 498 3499 erit
519 3445 727 3516 impedimento.
757 3445 831 3498 Haec
849 3445 898 3497 iiie
917 3447 1019 3497 irarum
1038 3441 1145 3514 plenus.
1164 3443 1227 3494 Do-

95 3521 244 3576 mesticos
264 3517 319 3568 sibi
338 3519 463 3571 conscius
482 3525 514 3570 nt
528 3519 634 3570 auctori
653 3516 735 3570 huius
755 3514 914 3588 tragoediae
933 3518 1004 3588 (ipse
1023 3532 1085 3566 nam
1107 3531 1153 3577 ne,
1173 3514 1227 3563 im-

120 3599 240 3646 eratore
258 3589 392 3654 nolente,
422 3588 595 3662 praefectura
614 3588 693 3641 illum
721 3587 846 3660 auxerat)
870 3604 932 3639 cum
958 3587 1070 3639 silentio
1088 3533 1228 3640 discessit.

95 3613 266 3733 imperator
283 3675 313 3711 us
336 3677 370 3712 ue
387 3659 422 3714 od
440 3677 550 3713 vernam
572 3667 764 3729 tempestatem
784 3658 998 3712 Thessalonicae
1022 3665 1158 3717 moratus,
1178 3651 1226 3706 in-

97 3735 137 3789 de
159 3730 224 3786 Did
245 3731 311 3781 moti
349 3749 395 3782 una
432 3740 461 3785 et
497 3731 581 3804 paulo
608 3739 671 3802 post
700 3732 861 3798 Byzantium
887 3745 916 3781 se
936 3727 1070 3789 contulit,
1097 3727 1146 3778 ulii
1165 3741 1228 3776 oum

97 3803 183 3857 haud
218 3747 267 3876 diu
287 3803 446 3868 mansisset3
465 3819 570 3855 rursum
598 3803 627 3854 in
647 3802 794 3855 Thraciam
814 3807 875 3854 erat
893 3816 1067 3867 egressurus,
1093 3805 1125 3849 ut
1153 3795 1228 3846 auti·

97 3876 193 3948 quam
214 3871 387 3924 nehemiam
409 3890 542 3938 eversam,
561 3873 664 3926 alicubi
684 3874 770 3926 muris
789 3887 878 3943 usque
897 3869 981 3924 hodie
1005 3867 1095 3922 adhuc
1115 3867 1229 3936 integris

94 3947 206 4019 (cuius
237 3943 382 3995 Arcadium
403 3942 554 3996 Theodosii
574 3947 663 4015 magni
689 3945 778 3996 filium
806 3941 981 3996 conditorem
1006 3941 1115 4002 ferunt,
1140 3956 1153 3989 a
1174 3953 1230 4008 quo

98 4027 133 4071 et
154 4028 266 4067 nomen
284 4014 405 4080 invenit,
426 4014 615 4085 Arcadiopolis
640 4013 730 4084 dicta)
749 4013 957 4076 reaedificaret,
984 4011 1040 4064 loci
1064 4017 1162 4062 natura
1184 4007 1233 4059 dc·

94 4091 235 4142 tecturus
254 4083 391 4137 videlicet.
411 4087 477 4138 Erat
495 4082 635 4158 siqnideni
654 4087 802 4156 imperator
821 4085 904 4138 ctiam
924 4083 1151 4150 aedificationum
1167 4095 1232 4148 per-

95 4153 235 4228 cupidus
262 4164 428 4226 paratusque
455 4173 511 4209 non
530 4157 701 4210 necessitatis
721 4155 817 4220 modo,
844 4153 894 4209 sed
922 4141 1137 4224 et'rroldptqtis,
1153 4166 1232 4201 causa

95 4231 134 4284 in
158 4223 296 4278 aedificia
317 4234 440 4298 sumptus
459 4227 629 4298 inpendere.
671 4228 752 4282 Ceste
770 4243 857 4300 prope
873 4217 1142 4280 'Thessalonittnra
1164 4219 1232 4274 fun-
