3128 4922
371 1181 1004 1276 PRAEMONITUM,

138 1811 263 1918 Hanc
295 1869 434 1922 novam
460 1851 616 1927 Ioannis
635 1853 888 1930 Gontaouzeni
915 1851 1140 1944 editionem,
1167 1875 1233 1925 cu·

143 1967 200 2044 ios
227 1993 339 2042 nunc
374 1971 548 2074 primum
582 1977 765 2052 volumen
797 1977 946 2082 prodit,
981 1977 1131 2078 reliqua
1155 1971 1234 2046 duo

142 2108 351 2192 sequentur
374 2095 562 2196 proxime,
597 2097 826 2204 descriptam
851 2100 1074 2175 exhibemus
1098 2095 1149 2172 ad
1172 2119 1234 2170 ex-

142 2215 315 2318 emplum
341 2215 520 2292 editionis
535 2219 745 2313 Parisinae,
771 2245 872 2328 quae
890 2247 996 2295 anno
1017 2213 1120 2312 1645.
1144 2215 1234 2290 voli.

141 2341 174 2412 3.
204 2336 269 2413 tol.
295 2339 398 2443 typis
421 2339 533 2441 regiis
558 2340 739 2445 impressa
764 2361 829 2418 est.
886 2344 1033 2419 Graeca
1062 2337 1236 2444 primum

143 2485 186 2536 ea
210 2459 545 2564 editiovulgavit,
573 2489 696 2566 eaque
720 2489 766 2540 ex
790 2493 871 2542 uno
896 2465 1027 2542 codice
1050 2461 1234 2550 Parisino,

141 2585 198 2658 uti
224 2583 466 2676 haecverba,
486 2588 528 2661 in
548 2587 663 2665 titulo
686 2588 828 2693 posita,
855 2607 1059 2666 testantur:
1088 2586 1237 2661 Graeca

141 2731 238 2780 nono
257 2711 421 2806 primum
441 2707 631 2808 prodeunt
655 2733 708 2784 ecc
733 2709 862 2784 codice
884 2709 965 2784 MS.
984 2709 1238 2784 Bibliothecae

140 2829 191 2902 'V
189 2834 241 2902 iri
264 2829 515 2906 Illustrlsslml
533 2832 642 2907 Petri
664 2829 852 2933 Segaleril
876 2833 1062 2906 Francius
1088 2829 1238 2903 Cancel-

139 2955 238 3028 lorii
271 2956 306 3030 E
330 2955 484 3058 regions
509 2974 632 3030 textus
657 2956 803 3058 graeci,
828 2956 938 3030 sectis
956 2953 1135 3058 paginis,
1156 2973 1237 3024 ver-

139 3076 286 3153 sionem
317 3077 479 3180 latinam
505 3075 640 3162 hahet,
676 3103 797 3178 quam
821 3075 983 3150 Iacobus
1015 3079 1232 3162 Pantanus,

139 3199 269 3278 codice
300 3202 483 3276 Bovarioo
514 3225 625 3287 usus,
659 3196 813 3272 dudum
843 3181 934 3274 ante
958 3193 1083 3271 edidit
1107 3197 1235 3298 Ingol-

140 3325 252 3404 stadii
277 3353 381 3402 anno
411 3329 530 3416 1603,
557 3320 876 3398 annotationibus
891 3346 983 3396 cum
995 3320 1073 3397 ouis
1098 3319 1182 3395 tuin
1206 3322 1237 3392 1.

142 3450 309 3528 Gretseri
325 3467 505 3548 ranetam.
556 3446 656 3545 Quis
689 3444 899 3522 editionem
932 3443 1146 3519 Parisinam
1170 3465 1236 3518 cu-

140 3573 296 3663 raverit,
322 3599 449 3676 neque
483 3571 621 3648 titulus
644 3595 772 3672 neque
797 3567 986 3673 praelatio
1022 3563 1161 3659 tradit,
1195 3583 1238 3640 at
1284 3553 1287 3556 ¹

139 3696 338 3774 hominem
367 3725 459 3773 eum
491 3685 606 3774 inisse
631 3693 832 3770 eruditum
867 3715 1077 3796 graeceque
1102 3687 1238 3764 doctis·

141 3819 302 3910 simum,
328 3821 598 3898 annotationes
622 3818 789 3922 margini
815 3815 1030 3919 adscriptae
1056 3811 1235 3916 probant,

141 3941 285 4038 quibus
309 3963 394 4020 tum
417 3945 520 4020 locos
546 3972 627 4019 non
652 3943 706 4018 ita
731 3939 861 4016 faciles
879 3937 1084 4014 intellectu
1105 3957 1152 4009 ex
1178 3935 1237 4014 in-

144 4067 285 4144 terioto
316 4081 466 4146 rerum
482 4066 703 4170 cognitione
734 4063 934 4170 explanat,
976 4075 1063 4137 tum
1096 4053 1240 4134 codicis

145 4192 204 4268 sui
251 4191 482 4298 comuptclis
523 4189 777 4270 felicissimam
809 4188 1039 4295 plerumq'ue
1083 4177 1239 4257 medici·
