3128 4922
310 771 618 868 en1r1ou1s
662 767 968 892 assumas
1003 745 1350 853 salarium.

571 1207 1090 1308 LECTORI

683 1429 980 1495 csun1uo

282 1733 457 1850 sectandus
478 1797 509 1850 et
533 1786 782 1874 quadragesimus
803 1807 901 1850 annus
914 1787 971 1852 bic
992 1788 1113 1872 apuu,
1144 1789 1305 1870 postquam
1325 1782 1376 1843 la·

283 1885 383 1966 cobus,
403 1887 562 1952 Fontanus
579 1889 736 1952 Societatis
757 1889 827 1950 lesu
843 1887 989 1950 loannem
1001 1890 1245 1952 Cantacuzenum
1263 1884 1377 1945 Orien-

281 1989 322 2048 tis
343 1987 563 2070 Imperatorem
584 1989 742 2072 epalliato
762 1999 900 2071 togatum
921 1989 1012 2050 fecit:
1035 1989 1074 2050 dc
1093 1989 1223 2065 Graeco,
1238 1987 1377 2066 inquam,

281 2086 316 2147 in
331 2086 476 2148 Latinum
490 2088 644 2170 eleganter
661 2091 831 2150 convertite
860 2099 1010 2172 togaeque
1031 2090 1096 2151 eius
1110 2097 1199 2150 notas
1218 2082 1378 2168 pererudi-

281 2195 331 2248 tus
347 2184 443 2250 veluti
459 2207 630 2270 purpuram
648 2187 797 2267 intexuit,
816 2207 858 2248 ne
876 2185 992 2249 scilicet
1009 2198 1110 2249 terrae
1124 2187 1269 2247 Graeciae
1290 2183 1380 2266 prin·

281 2304 352 2366 ceps
375 2287 408 2346 in
430 2285 589 2370 publicum
611 2287 676 2348 sinc
698 2307 836 2372 purpura
855 2286 1005 2370 prodiret.
1053 2286 1166 2368 ltaque
1185 2284 1275 2368 longe
1296 2283 1378 2365 opti·

281 2405 368 2446 mum
391 2384 571 2449 historicum
602 2397 633 2450 et
661 2387 816 2450 veteribus
841 2407 944 2448 rerum
975 2385 1174 2470 scriptoribus
1196 2387 1262 2448 sinc
1281 2383 1377 2444 dnbio

282 2487 544 2568 comparandum,
582 2509 644 2571 qua
667 2485 768 2568 docti,
803 2509 866 2570 qua
892 2485 1007 2550 indocti
1036 2486 1177 2547 manibus
1205 2483 1379 2547 versabant.

282 2583 325 2645 Hi
349 2597 476 2669 propter
503 2609 608 2649 rerum
632 2599 786 2671 gestarum
810 2587 990 2650 memoriam
1017 2597 1173 2650 auctorem
1198 2583 1377 2662 laudabant,

282 2693 314 2745 et
334 2685 526 2766 probabant:
555 2686 600 2749 illi
625 2707 730 2749 rerum
751 2687 926 2752 dirinmum
946 2697 1038 2770 atque
1052 2685 1257 2747 manuum
1280 2683 1378 2744 scien-

280 2784 357 2846 uam
377 2787 410 2846 in
436 2787 575 2870 principe
600 2786 823 2872 aspiciebant:
858 2787 980 2851 civilem
1001 2789 1157 2864 animum,
1184 2782 1378 2868 prudmtiam

282 2879 366 2943 domi
396 2883 601 2968 militiaeque,
641 2875 852 2953 fortitudinem
882 2889 915 2950 in
945 2887 1037 2949 rebus
1065 2884 1245 2948 hostilibus:
1284 2881 1378 2947 animi

281 2981 523 3064 magnitudinem
543 2986 576 3046 in
595 2985 783 3068 perferendis
803 2987 948 3067 iniuriis,
985 3007 1061 3070 quas
1085 2983 1251 3046 intulerant
1272 2981 1379 3042 mode·

282 3081 358 3142 stiae
385 3083 479 3144 nescii
520 3092 551 3145 et
575 3085 702 3168 pudoris
732 3087 830 3168 ignari
860 3084 1020 3164 homines,
1056 3105 1194 3166 quosque
1220 3103 1256 3144 ex
1280 3101 1380 3166 paene

224 3196 233 3214 ·
281 3181 378 3240 servis
397 3178 511 3243 liberos
530 3181 665 3266 laceat,
694 3183 1106 3266 etexinfimisbominum,
1134 3201 1282 3244 summos.
1313 3181 1378 3242 De·

281 3277 378 3360 nique
393 3280 428 3340 in
447 3281 633 3363 imperatore
656 3281 850 3346 clem-tiam
870 3303 943 3368 erga
961 3283 1083 3364 hostes,
1118 3281 1227 3366 dignos
1242 3279 1378 3366 profecto

205 3437 217 3454 .
282 3374 471 3457 quibostilia
487 3387 682 3462 paterentur,
703 3380 900 3468 fimditusque
914 3379 1114 3464 tollerentur3
1145 3391 1300 3469 postremo
1321 3377 1378 3442 ab·

283 3473 467 3540 dicationem
488 3477 629 3562 imperii,
656 3479 942 3564 despectionemque
958 3503 1096 3544 summae
1115 3484 1159 3543 rei
1185 3477 1377 3543 demirsban·

282 3583 358 3654 tur,
386 3577 476 3639 cuius
493 3597 585 3644 causa
603 3577 742 3668 plerique
762 3583 832 3644 iura
847 3581 954 3646 dirim
976 3581 1171 3664 humanaque
1191 3577 1325 3658 violent,
1346 3589 1378 3641 ct

282 3694 433 3738 secessim
452 3677 486 3738 in
502 3681 741 3760 monasterium,
769 3701 832 3766 quo
853 3679 1006 3744 solitarius
1026 3691 1243 3765 separatumque
1263 3699 1297 3740 ex
1318 3676 1376 3739 bo·

281 3775 402 3838 minum
423 3774 594 3860 bequcntia
613 3781 770 3863 puriorem
789 3790 820 3843 et
839 3783 1021 3844 auctiorem
1038 3782 1135 3842 vitam
1152 3779 1278 3840 uveam
1320 3775 1376 3858 lii,

281 3872 429 3956 iuquam,
450 3873 566 3960 idest,
587 3879 722 3942 Graecae
737 3878 858 3964 linguae
872 3883 985 3960 nescii,
1011 3899 1075 3940 non
1097 3875 1185 3940 aliter
1206 3897 1300 3959 quam
1315 3873 1376 3936 ba-

281 3972 346 4034 tine
363 3972 538 4060 loquentem
549 3975 684 4042 vallente
705 3978 771 4060 illi,
797 3979 829 4040 id
846 3991 903 4058 est,
924 3977 1067 4042 callentes
1082 3977 1240 4058 utriusque
1257 3973 1378 4057 linguae

281 4071 397 4136 diutius
418 4075 497 4144 serre
519 4097 582 4140 uon
604 4088 766 4162 poterant,
796 4089 831 4140 ut
855 4079 989 4140 Graecus
1011 4089 1117 4140 auctor
1144 4074 1251 4156 aliter,
1283 4093 1376 4157 quam

282 4174 398 4237 Graece
422 4172 608 4259 loqueretur.
655 4178 748 4260 Quod
769 4197 840 4242 cum
862 4175 1042 4260 intelligeret
1072 4175 1295 4240 illustrissimus
1318 4173 1376 4240 Vir
