3114 4930
337 312 419 422 sid
732 327 1014 434 mmmmm

184 477 245 554 ΜΞ.
257 495 386 564 stregai
404 491 624 584 εδχαριυτίαις
643 489 861 576 ἀμειψόμενος,
882 491 975 578 inde
995 493 1032 560 dd
1047 489 1226 577 Σηλυβρίας
1245 488 1422 572 mbo&

329 595 418 675 ἔδοξε
437 593 635 679 καταβάντας
654 595 718 658 τῶν
738 595 843 658 ἵππων
858 590 1143 658 damnanatione-‘int
1161 585 1286 675 μικρόν.
1325 611 1422 670 στρα-

329 697 553 762 τοπεδεύονται
573 689 612 778 δὴ
635 689 783 780 παρότῷ
800 691 945 780 φρουρίιρ
965 688 1106 772 Σόιικων,
1125 687 1263 776 πολεμίῳ
1275 687 1336 768 μέν
1353 675 1422 750 ἀντι

330 793 384 862 διό
407 793 443 860 τό
466 789 641 880 Συργιόννῃ
662 795 721 872 μὲν
741 794 986 877 προσχωρῆσαι,
1015 789 1071 855 καὶ
1089 786 1163 865 rode
1183 790 1219 853 ἀν
1238 783 1422 864 Βυζαντίου

331 891 521 982 στρατιώτας
544 896 598 958 ins*
620 892 667 979 τῷ
685 889 922 978 Σηλυβριανοός
938 889 1174 975 όπερδέχεσθαι
1195 886 1403 970 κατατρέχειν
1411 889 1444 950 ·5

258 994 619 1082 Ρ.9οκαταφρονουμένιρ
639 993 674 1056 δὲ
696 984 798 1067 ἄλλως
819 989 873 1054 διό
893 1011 929 1053 τε
947 987 1004 1074 τὴν
1021 984 1181 1072 ὀλιγότητα
1203 989 1259 1050 καί
1275 982 1424 1069 ἀπειρίαν

330 1098 395 1161 τῶν
413 1091 625 1172 ένοικοόντων,
647 1088 794 1177 (ἀγρόται
813 1087 873 1174 γάρ
890 1083 973 1175 ἦσαν
989 1087 1103 1164 πάντες
1116 1083 1270 1172 γηπόνοι,)
1293 1081 1350 1148 καί
1363 1077 1424 1166 τὴν

328 1183 514 1284 ’φαυλότητα
532 1193 595 1255 τῶν
612 1193 745 1272 τειχῶν.
776 1189 807 1254 οἱ
828 1192 860 1252 δ’
878 1189 914 1252 έν
934 1181 1024 1276 odaei
1042 1188 1087 1276 τῷ
1107 1183 1249 1273 φρουρίῳ
1271 1183 1425 1266 ἐγκεκλει-

330 1297 451 1376 σμένοι,
473 1285 577 1376 ῶσπερ
602 1282 812 1374 ἀγνοήσαντες
828 1284 960 1363 ἔαυτοός
975 1285 1039 1351 ’καί
1055 1289 1119 1351 τῶν
1138 1283 1362 1368 περικειμένων
1381 1275 1426 1356 ῶς

332 1388 470 1458 οόδενῶν
490 1390 767 1476 καταφρονοῦντες,
788 1383 920 1474 όβριζόν
935 1409 971 1450 τε
988 1382 1049 1450 ἀπό
1067 1388 1125 1450 τοῦ
1135 1384 1260 1467 τείχους
1276 1379 1333 1446 καί
1345 1386 1467 1446 nat-ra

330 1487 390 1566 λός
409 1491 557 1572 κατέχεον
577 1489 737 1573 λοιδορίαις
757 1485 813 1551 καί
830 1487 986 1568 βασιλέως
1008 1483 1142 1550 καὶτῶν
1163 1481 1340 1549 συνόντων.
1373 1501 1427 1564 γε·

331 1591 432 1666 idrag
449 1571 485 1654 δὲ
505 1590 557 1673 ἐφ’
576 1581 624 1664 οἷς
642 1585 788 1672 ὑβρίζετο
804 1585 821 1649 ό
836 1584 998 1669 βασιλεός,
1018 1588 1049 1652 εἰ
1063 1580 1144 1660 οἶνος
1164 1581 1213 1668 εἴη
1234 1579 1332 1656 ualde
1350 1580 1426 1664 παρ’

333 1688 458 1771 αάτοῑς,
475 1688 667 1753 ἐπυνθάνετο
681 1686 745 1752 τῶν
754 1681 938 1772 παρόντων·
959 1687 1023 1750 τῶν
1038 1687 1074 1751 δὲ
1089 1679 1159 1749 οὔδ’
1175 1681 1356 1770 ἀρκούντως
1372 1679 1429 1744 εό-

335 1795 445 1874 scopein
467 1783 585 1863 όδαιος
610 1781 878 1872 ἀποκριναμένων,
900 1781 1060 1868 ,,οάκοῦιί’
1075 1782 1138 1870 ἔφη
1160 1786 1245 1866 ,,τῶν
1268 1787 1429 1864 μελαγχο·

197 1935 201 1944 .
306 1891 392 1976 Βλᾷν
404 1887 562 1952 ποιουσῶν
574 1883 812 1973 ἀνεπλήσθησαν
827 1889 997 1969 βοτανῶν.”
1015 1885 1166 1959 κελεόσας
1178 1885 1214 1948 δὲ
1230 1881 1339 1958 adroic
1355 1879 1468 1945 τιναιὸ
1546 1965 1547 1978 ¹

334 1991 530 2073 παραινέσαι
549 1984 605 2050 καί
623 1993 797 2072 σωφρονεῖν
815 1987 873 2050 καί
887 1987 987 2074 σιγᾷν,
1009 1980 1107 2061 ariade
1122 1978 1190 2066 ἅμα
1209 1989 1275 2057 τοῖς
1289 1971 1430 2065 ἀρχουαι

335 2084 416 2172 πρός
435 2087 600 2168 ἐπίσκεψιν
615 2082 746 2172 ἐξῄεσαν
766 2087 830 2150 τῶν
846 2079 990 2150 σκοπῶν.
1024 2083 1054 2148 οἱ
1072 2087 1108 2150 δὲ
1131 2082 1431 2164 terragonensium

337 2186 470 2251 Σόκκιοι
493 2179 585 2249 οόδὲν
602 2185 723 2266 μᾶλλον
743 2181 882 2270 ἀφίεσαν
902 2185 966 2249 τῶν
992 2178 1118 2269 ἀβρεων
1144 2179 1200 2246 καί
1221 2181 1283 2246 τῶν
1303 2179 1430 2265 φωνῶν,

337 2285 408 2350 ἀλλ’
427 2283 563 2368 ἐχρῶντο
583 2281 669 2370 πόσῃ
685 2280 838 2363 δυνάμει.
859 2278 895 2347 τό
917 2284 953 2346 δὲ
974 2284 1036 2348 τῶν
1061 2282 1262 2368 στρατιωτῶν
1279 2275 1431 2344 οἰκετικόν
1546 2365 1547 2368 ¹

337 2379 418 2468 πρός
436 2379 494 2467 τὴν
513 2378 691 2466 όπερβολὴν
702 2383 767 2447 τῶν
786 2376 911 2466 όβρεων
931 2383 1156 2465 ἀχθεσθέντες,
1194 2379 1301 2456 adroic
1319 2371 1473 2463 ἦξίουνπο
1546 2375 1547 2392 ³

338 2479 416 2556 τοός
434 2476 588 2554 δεσπότας
606 2481 777 2566 ἐπιτρέψαι
794 2477 828 2545 τό
854 2477 963 2568 ἔργον.
994 2479 1230 2568 ἐπιτρεψάντων
1254 2480 1291 2544 δὲ
1311 2475 1431 2560 αὐτῶν,

337 2575 568 2664 ἐπιδραμόντες
584 2565 669 2644 εἷλον
692 2579 856 2662 αὐτοβοεὶ,
876 2577 1078 2663 πανταχόθεν
1098 2578 1293 2666 όπερβάντες
1308 2575 1344 2643 τό
1365 2585 1432 2642 τεί-

338 2701 413 2762 χος,
435 2671 490 2765 (ἤν
508 2674 568 2764 γὰρ
588 2676 773 2767 eridianum)
802 2687 868 2773 τοῖς
885 2681 1100 2765 προστυχοῦσι
1112 2677 1308 2765 χρησόμενοι
1326 2674 1432 2758 ξόλοις

342 2854 450 2906 acturus
479 2855 508 2902 et
532 2847 666 2902 beneficis
692 2865 873 2904 remansurus.
910 2848 977 2903 Urbi
1002 2850 1304 2922 appropinquantibus,
1325 2846 1434 2920 placuit

338 2919 375 2972 ab
404 2921 482 2990 equis
510 2917 692 2984 descendere,
719 2930 749 2973 et
780 2937 861 2991 saper
889 2919 974 2974 herba
994 2922 1076 2975 viridi
1103 2922 1245 2992 paululum
1267 2921 1434 2992 requiscere.

337 2992 418 3044 quta
438 2991 579 3044 castellum
598 2993 682 3062 igitur
706 2991 801 3046 Saccas
830 3000 1067 3055 castrametantur,
1087 2991 1187 3044 hostile
1215 2992 1338 3064 quidem,
1357 2992 1436 3062 (nam

336 3081 355 3115 a
373 3063 523 3131 Syrgianne
540 3062 640 3125 stabat,
663 3063 896 3135 Byzantinumque
917 3065 1035 3115 militem
1054 3063 1089 3116 ad
1107 3062 1281 3130 Selybrianos
1299 3080 1350 3132 per
1368 3079 1433 3114 oru-

336 3133 463 3205 ptionem
488 3126 626 3184 vexandos
652 3133 829 3204 susceperat,)
856 3141 945 3186 cetera
965 3130 1214 3196 contemnendum,
1240 3133 1315 3203 quod
1340 3133 1433 3202 ipsum

336 3220 388 3276 per
408 3219 437 3255 se
456 3203 597 3272 exiguum:
621 3201 696 3273 quod
722 3205 829 3256 incolae
847 3203 928 3256 rudes
947 3221 978 3257 ae
1005 3205 1135 3272 imperiti,
1163 3190 1268 3274 (omnes
1293 3203 1434 3274 siquidem

337 3280 417 3326 erant
442 3272 560 3345 rustici,)
580 3271 655 3343 quod
681 3274 752 3326 rnuri
777 3275 943 3326 humilesne
967 3273 1085 3326 demissi.
1124 3275 1180 3344 Qui
1207 3276 1290 3344 igitur
1306 3275 1383 3326 intus
1400 3289 1432 3325 se

336 3344 518 3406 inducerent,
549 3346 590 3395 uti
615 3353 702 3395 semet
729 3345 883 3414 ignorantes
909 3345 1012 3416 quique
1040 3345 1095 3398 sibi
1126 3339 1318 3402 imminebant.
1336 3352 1434 3397 conte·

336 3421 464 3467 mnentes
484 3420 515 3464 ut
529 3413 633 3465 nullius
655 3415 748 3482 pretii,
766 3414 800 3466 de
817 3431 894 3467 mura
909 3433 969 3467 cum
988 3416 1136 3469 insolentia
1150 3433 1230 3469 voces
1247 3417 1435 3468 contumelio·
1514 3444 1520 3454 ·
1546 3455 1547 3479 ,

337 3499 380 3536 sas
407 3481 559 3536 identidem
585 3491 679 3536 eontra
698 3485 888 3553 imperatorem
908 3487 1023 3556 eiusque
1041 3489 1132 3557 copias
1152 3485 1338 3540 effundebant
1375 3483 1434 3556 Qui

339 3551 469 3608 renidens
488 3551 524 3606 sd
542 3555 674 3614 convitia,
702 3553 737 3606 ab
756 3555 908 3609 astantibus
926 3556 1094 3630 quaerebat,
1120 3559 1271 3610 multumne
1291 3555 1366 3628 apud
1386 3573 1434 3608 eos

338 3624 398 3676 vini
418 3629 502 3694 essot3
532 3621 587 3676 illis
623 3625 869 3694 respondentibus,
901 3644 936 3680 ne
965 3645 1052 3699 aquae
1076 3629 1188 3699 quidem
1216 3629 1298 3680 satis:
1327 3629 1434 3698 ltaque,

338 3694 474 3755 subiecit,
501 3692 595 3746 herbis
615 3695 749 3748 insaniam
770 3698 963 3768 generantibus
992 3715 1020 3752 se
1046 3701 1255 3770 ingurgitarunt.
1294 3697 1435 3750 Tumens

339 3764 483 3818 admoneri
509 3763 606 3828 iubet,
633 3767 675 3816 uti
700 3783 729 3819 se
752 3768 875 3822 modeste
901 3778 997 3842 gerant
1016 3778 1045 3822 et
1067 3771 1175 3841 linguas
1204 3765 1380 3835 contineant;
1404 3776 1437 3822 et

339 3851 401 3888 curu
419 3835 592 3905 principibus
612 3838 745 3890 exercitus
765 3838 800 3891 ad
822 3849 908 3893 metas
927 3841 1107 3910 speculandas
1125 3839 1284 3910 digreditur.
1321 3843 1358 3893 alt
1382 3838 1429 3891 in-

339 3905 435 3960 felices
459 3905 502 3958 illi
529 3905 616 3958 Saecii
642 3905 730 3961 nihilo
757 3911 843 3980 magis
864 3906 897 3963 de
921 3913 1099 3980 protervitate
1116 3920 1145 3963 et
1161 3911 1316 3964 maledictis
1335 3911 1435 3963 remit-

338 3983 416 4030 tere:
437 3976 486 4029 sed
507 3991 615 4028 omnem
632 3978 662 4029 in
680 3979 715 4032 iis
735 3979 893 4033 facultatem
914 3983 1041 4050 experiri.
1061 3981 1225 4034 iniuriarum
1244 3981 1437 4052 magnitudine

339 4051 443 4101 offensa
464 4047 569 4117 gravim
586 4046 705 4101 militum
726 4052 836 4104 servitia
855 4049 980 4104 dominos
1004 4061 1116 4124 rogant,
1142 4055 1185 4105 uti
1206 4053 1272 4121 ipsis
1291 4053 1437 4122 negotium

339 4117 497 4171 vindicandi
518 4120 696 4173 committant.
734 4121 893 4191 impetrant,
911 4130 940 4174 et
957 4123 1045 4192 primo
1063 4127 1179 4194 impetu,
1202 4126 1305 4175 truncis
1325 4142 1355 4175 se
1375 4131 1438 4175 tra.

337 4187 422 4242 bibus
449 4187 538 4240 obviis
563 4189 623 4242 loco
651 4191 783 4245 scalarum
804 4194 862 4256 usl,
880 4207 987 4256 muros,
1006 4193 1180 4266 quodfacilo
1197 4193 1267 4257 luit,
1296 4201 1437 4263 occupant

339 4267 369 4312 et
387 4257 422 4314 ad
440 4257 614 4332 diripiendos
631 4261 775 4334 indigenas
794 4263 956 4318 discurrunt
992 4263 1075 4322 Forte
1093 4267 1122 4319 in
1143 4282 1204 4318 casa
1224 4262 1343 4355 quadam
1360 4265 1435 4336 ignis
