3082 4940
492 347 778 412 rusronnuou
809 351 849 414 u.
872 357 921 440 τι).
1158 323 1238 438 547

146 505 242 565 θοντο
262 498 438 584 ἀπέχεσθαι
467 493 580 586 αὐτῆς.
602 499 672 566 ἀλλ’
696 503 726 567 εἶ
743 505 803 584 μέν
827 528 859 569 τι
877 508 933 570 κατ’
953 505 1039 591 παρὰ
1062 505 1097 570 τὸ
1121 509 1310 592 epesi-id.
1324 517 1385 584 1341

147 623 201 664 ιιον
218 591 369 684 ἦκοοσται
393 601 490 690 adalp,
525 601 564 688 τῇ
583 599 711 690 ἀπειρίᾳ
731 606 788 668 τοῦ
806 603 947 682 εἰπόντος
967 605 1270 690 προσλογίζεσθανῦ

111 747 115 752 -
149 692 251 783 αιἰτὴν
272 699 308 763 δὲ
329 698 479 784 ἡγεῖσθαι
498 698 589 765 θεῖόν
606 725 638 765 τι
652 704 765 787 χρῆμα
786 701 842 768 καί
863 699 958 790 ἱερὸν,
982 702 1041 768 καί
1058 704 1115 768 τοῦ
1129 726 1162 768 τε
1179 710 1247 768 κατ’

151 793 247 882 αὐτῆς
270 799 431 863 παύεσθαι
453 802 562 882 λέγειν.
605 795 686 864 ἀλλά
710 799 766 866 καί
786 799 820 866 εἴ
837 826 868 867 τι
894 799 1132 888 συναρπασθείς
1153 803 1246 866 συνί-

130 903 253 981 synape
268 903 338 962 κατ’
352 898 463 985 αὐτῆς,
485 898 530 974 ὥς
549 900 709 978 ἀπωλείας
727 895 800 980 ἀξια
818 899 1031 988 παραδιδόναι
1047 899 1136 986 πορί.
1169 901 1245 965 οδδὲ

149 993 211 1082 γὰρ
231 991 315 1062 ὅσιον
339 998 415 1062 οὐδὲ
432 991 536 1075 ἄλλως
563 1003 638 1064 νοῦν
659 997 745 1084 ἔχον,
771 1000 967 1087 γεωμετρίαν
981 1002 1042 1083 μὲν
1058 998 1114 1064 καί
1131 993 1276 1084 ἀστρο-Ἲ.
1290 1004 1340 1060 265

150 1093 264 1176 nuptiae
285 1094 341 1161 soi
368 1097 516 1184 ἀριθμῶν
544 1098 716 1183 ἀναλογίας
746 1097 941 1182 βουλόμενόν
966 1123 1037 1164 τινα
1065 1096 1247 1164 ἐκδιδάσκε-

151 1197 247 1277 σθαι,
276 1193 321 1282 μῆ
345 1198 391 1284 τῷ
414 1195 643 1287 ἀμαθεστάτιρ,
677 1191 758 1263 ἀλλά
784 1201 829 1288 τῷ
855 1196 1024 1289 δεινοτάτῳ
1047 1196 1123 1284 περὶ
1142 1199 1246 1264 ταῦτα

152 1297 284 1383 φοιτᾷν·
325 1298 382 1381 τῆς
407 1298 442 1362 δὲ
472 1287 568 1372 ὅντως
602 1297 794 1385 φιλοσοφίας
820 1303 876 1363 καί
904 1299 960 1384 τῆς
987 1296 1062 1384 περὶ
1087 1295 1246 1382 οὐρανίων

116 1393 347 1479 ιοπραγμίπων
372 1394 517 1478 γνώσεως
542 1398 587 1484 τῷ
610 1398 684 1482 περὶ
707 1400 810 1463 ταῦτα
838 1397 971 1486 ἀμυήτφ
989 1397 1134 1483 χρῆσθαι
1158 1398 1284 1464 dedu-li

152 1491 272 1584 σκάλιρ.
296 1494 411 1580 ’ἐχρῆν
436 1493 497 1581 γὰρ
523 1491 622 1561 αὐτὸν
650 1489 727 1561 ’ὄντα
753 1494 931 1583 φιλόσοφον
954 1495 1011 1561 καί
1037 1500 1101 1562 τῶν
1126 1497 1248 1560 πολλῶν

151 1589 347 1678 ὑπερέχοντα
371 1599 514 1676 συνέσει,
540 1593 603 1679 εἴγε
627 1595 701 1681 περὶ
725 1593 879 1660 τοιούτων
903 1595 1004 1660 ἐδεῖτο
1029 1599 1147 1676 μαθεῖν
1165 1620 1249 1682 πρα-

151 1691 289 1776 γμάτων,
312 1687 334 1779 ἢ
349 1689 502 1779 πρότερον
518 1693 801 1779 διερευνησάμενον
820 1695 865 1781 τῷ
881 1689 970 1778 παρὰ
987 1693 1054 1780 θεῷ
1067 1695 1123 1777 τῆς
1138 1693 1250 1758 τοιού·

151 1812 207 1875 της
229 1787 363 1875 χάριτος
379 1786 561 1882 ἧξιωμένιρ,
592 1787 643 1879 (od
668 1791 728 1878 γὰρ
755 1791 794 1876 δὴ
827 1787 1011 1880 ἀνθρωπίνῃ
1032 1817 1067 1876 γε
1082 1785 1250 1876 συνέσειῆ

113 1891 276 1978 ιὸσποοδῇ
293 1888 334 1953 τὰ
351 1893 484 1956 τοιαῦτα
505 1893 727 1978 περιγίνεται,)
754 1886 860 1978 ἀδόλῳ
880 1889 989 1980 γνώμῃ
1012 1893 1068 1956 καί
1087 1891 1190 1976 πάσης
1211 1885 1251 1954 ἀ-

151 1995 352 2079 ντηλλαγμένη
368 1991 558 2078 κακουργίας
581 1997 768 2078 προσελθεῖν
796 1994 852 2056 καί
869 1989 944 2075 περί
957 1981 1001 2055 ὧν
1021 1988 1168 2071 ἐβούλετο
1186 1991 1250 2055 δεῖ·

152 2093 233 2154 σθαι
253 2094 390 2172 μαθεῖν·
425 2085 462 2178 (ἦ
483 2089 544 2178 γὰρ
563 2085 604 2155 ἀν
620 2091 737 2166 ἐκεῖνος
754 2087 855 2177 σοφὸς
878 2085 923 2155 ἀν
935 2088 976 2154 τοὶ
990 2092 1068 2153 θεῖα
1082 2087 1138 2152 καί
1148 2092 1252 2174 μέτρα

153 2189 354 2273 μαθημάτων
378 2183 497 2281 ἓκάστιρ
520 2186 717 2276 προσήκοντα
743 2187 836 2265 εἰδώς
865 2187 946 2255 nord
974 2186 1031 2274 adv
1050 2187 1105 2272 τῆς
1129 2187 1253 2270 καθάρ·

153 2311 235 2364 σεως
263 2283 450 2372 ἀναλογίαν,
485 2287 541 2355 ode
573 2283 613 2354 ἀν
637 2287 854 2356 ἕνεπίστενσεν
883 2289 962 2376 ἀκοῇ
990 2289 1099 2375 σαθρᾷ
1119 2287 1253 2372 βροντῆς

115 2379 234 2474 ποῆχον
253 2389 287 2452 ἐκ
308 2384 484 2473 προοιμίων
503 2387 622 2470 εδθδς,
656 2384 736 2454 ἀλλά
762 2387 835 2470 βίον
856 2383 1009 2474 πρότερον
1033 2385 1176 2474 ἀκριβείᾳ
1199 2385 1256 2448 καὶ

156 2489 255 2575 πολλῇ
285 2491 458 2578 φιλοσοφίᾳ
485 2487 540 2554 καὶ
561 2491 672 2554 πασῶν
701 2489 817 2575 γηίνων
838 2489 964 2553 ἐννοιῶν
984 2481 1122 2570 sitires
1139 2510 1176 2550 τε
1199 2485 1347 2556 πολλῶν

155 2585 200 2674 μὴ
223 2587 371 2654 τοιοίπαιν
390 2583 542 2654 ἀποθέσει
556 2587 614 2672 τήν
635 2585 747 2672 ψυχὴν
768 2581 808 2651 ἀν
827 2583 980 2672 πρότερον
1001 2587 1146 2664 ἐδίδαξεν
1161 2585 1253 2650 ἑκκα-

155 2691 258 2775 θᾶραι
279 2686 335 2752 καί
358 2682 440 2752 οὕτω
460 2691 523 2753 τοῖν
548 2685 642 2774 ἱερῶν
659 2685 831 2773 προθδρων
853 2689 910 2770 τῆς
928 2683 1022 2760 θείας
1044 2679 1181 2767 ταυτησί
1198 2705 1254 2748 σο-

158 2902 249 2949 vatnm
270 2892 331 2951 iret,
350 2891 415 2943 dum
434 2905 505 2962 quac
523 2906 579 2942 non
599 2895 688 2940 essent
708 2887 872 2940 mentiretur
890 2894 918 2938 et
936 2885 1091 2946 calumniis,
1109 2890 1142 2935 ut
1159 2883 1253 2936 neseio

160 2981 276 3036 quorum
292 2963 426 3015 malornm
445 2962 597 3030 originem,
617 2965 795 3030 oppugnaret,
813 2954 1064 3026 abstinendumque
1082 2954 1117 3006 ab
1137 2971 1170 3006 eo
1189 2973 1253 3026 per-

159 3034 273 3088 suadere
295 3041 450 3091 conaretur,
484 3031 539 3084 Sc'd
562 3033 584 3083 si
613 3029 679 3102 quid
700 3029 821 3082 audisset
840 3027 1029 3088 indecentius,
1063 3025 1189 3076 inscitiae
1208 3025 1255 3075 di-

161 3105 247 3158 centis
266 3105 450 3158 adscriberet:
469 3105 556 3170 ipsam
574 3102 647 3154 uitae
667 3103 800 3152 rationem
819 3106 938 3151 sanctam
958 3104 986 3148 et
1000 3095 1121 3147 divinam
1142 3095 1256 3148 duceret

161 3184 189 3230 et
215 3176 242 3228 ei
268 3174 404 3228 oblatrare
423 3173 574 3226 desisteret.
615 3173 644 3224 si
668 3170 737 3242 quid
756 3171 839 3223 etiam
857 3167 984 3220 adversus
1004 3165 1137 3225 eamdem,
1157 3169 1254 3217 allecto

162 3264 216 3300 non
235 3245 308 3298 bono
327 3253 428 3297 erecto
444 3243 576 3308 detortus,
595 3243 807 3312 conscripsisset,
826 3247 857 3292 ot
871 3239 1027 3309 perditione
1046 3237 1159 3306 dignum
1177 3237 1257 3287 iiam-

160 3320 211 3372 mis
229 3317 359 3370 aboleret
401 3315 459 3368 Neo
487 3315 560 3368 eninr
591 3333 648 3368 esse
666 3315 709 3367 ias
740 3329 792 3364 nec
815 3309 964 3363 secundum
982 3309 1131 3371 rationem,
1159 3323 1255 3374 quern-

161 3395 234 3462 piam
268 3387 446 3456 geometrica,
478 3389 660 3440 astronomica
690 3391 719 3438 et
742 3395 917 3436 numerorum
943 3381 1134 3450 proportiones
1159 3379 1255 3432 volen-

107 3517 111 3524 ,
162 3473 218 3518 tem
237 3460 394 3528 percipere,
413 3456 516 3512 nedum
535 3459 568 3510 ad
590 3455 820 3515 indoctissimum,
840 3450 886 3503 sed
907 3449 942 3502 ad
960 3450 1145 3502 doctissimum
1164 3449 1255 3500 venti-

161 3541 238 3585 tare:
257 3529 287 3580 in
303 3545 367 3582 vero
385 3536 477 3581 autern
496 3526 671 3598 philosophia
686 3534 714 3578 ct
733 3524 889 3592 cognitione
903 3537 994 3574 rerum
1014 3520 1169 3573 caelestium
1192 3535 1257 3586 pro-

163 3607 256 3657 fanum
274 3617 305 3652 nc
323 3617 379 3652 non
399 3601 537 3653 initiatum
553 3602 710 3669 magistrum
728 3595 868 3647 adhibere.
906 3594 1068 3660 oportuisse
1087 3592 1161 3642 enim
1177 3588 1257 3642 iilum

163 3683 196 3727 ut
213 3669 407 3742 philosophum
434 3677 462 3723 ct
485 3670 668 3740 intelligentia
687 3672 869 3737 praestantem
895 3662 1007 3727 multis,
1034 3659 1170 3730 siquidem
1190 3657 1257 3710 talia

164 3745 270 3800 discere
289 3741 431 3811 cupiebat,
455 3748 503 3793 aut
516 3742 593 3811 prins
652 3741 751 3791 aesisse
769 3753 785 3787 a
803 3737 861 3788 Deo
878 3732 1037 3786 huiusmodi
1056 3733 1142 3801 gratia
1160 3727 1258 3798 digus·

164 3825 223 3868 turn
248 3819 318 3875 (non
337 3811 545 3866 enim‘bnmano
565 3813 623 3864 inte
647 3817 708 3864 ectu
727 3807 851 3860 studiove
870 3806 922 3858 ista
939 3819 969 3855 ae
991 3803 1136 3869 uisuntur)
1153 3808 1182 3851 et
1199 3803 1257 3850 rin-

166 3904 227 3938 cero
248 3887 339 3936 animo
358 3891 443 3954 atque
470 3882 505 3934 ab
523 3885 597 3935 omni
614 3881 784 3952 malignitate
809 3891 892 3929 vacuo
911 3821 1059 3936 accedere,
1084 3881 1113 3924 et
1136 3869 1171 3922 de
1193 3870 1257 3940 qui·

167 3957 217 4008 bus
239 3955 338 4018 vellet,
364 3971 457 4024 rogare
483 3954 575 4008 doceri
602 3951 662 4024 (qui
690 3951 788 4021 ntique
816 3947 969 3999 divinorum
994 3959 1084 3996 rorum
1107 3957 1204 4011 gnarus
1230 3947 1258 3990 et

168 4035 301 4098 quantum
319 4027 436 4098 quisquc
452 4023 534 4076 huius
553 4024 715 4092 disciplinae
733 4027 858 4090 caperet,
880 4015 954 4070 hand
973 4017 1097 4076 nescius,
1116 4015 1194 4063 iuxta
1213 4007 1258 4060 di-

167 4099 247 4150 vinae
264 4095 432 4167 purgationis
451 4095 590 4147 modulum
611 4107 668 4148 non
686 4093 781 4152 statim
798 4089 832 4141 ab
851 4089 933 4140 initio
952 4102 1029 4137 aures
1044 4083 1167 4135 flaccidas
1185 4079 1259 4131 toni-

168 4171 223 4232 trui
242 4171 333 4221 sonitu
352 4167 512 4220 imbuisset:
536 4163 583 4219 sed
609 4166 682 4217 vitae
697 4163 773 4231 prius
792 4159 966 4212 accuratione
985 4155 1125 4224 multaque
1143 4147 1259 4203 seientia

170 4246 198 4292 et
215 4239 335 4293 omnium
354 4237 553 4306 cogitationum
572 4243 740 4290 terrenarum
759 4249 789 4285 ac
807 4231 908 4286 rationi
927 4225 1160 4280 consentientium
1176 4225 1260 4288 rept-
