3128 4922
279 275 333 338 llll
706 269 731 330 l.
760 261 937 332 voutam

279 445 369 524 culn,
399 451 522 526 propter
541 437 713 502 facilitatem
734 437 886 520 quandam
907 437 971 497 eius
988 435 1019 496 in
1040 433 1198 508 scribendo
1215 451 1363 521 opportu-

278 547 347 608 nius
368 545 499 605 nancisoi
524 542 698 626 pomissem.
936 537 941 544 ’

359 644 409 706 Sic
429 643 553 704 omuino
574 652 638 717 est,
670 649 704 699 ut
719 637 800 712 dixi,
833 638 863 696 in
882 636 1026 696 loannem
1048 635 1289 699 Cantacuzenum
1315 641 1363 698 in·

233 771 234 776 ¹
278 741 358 807 cidi:
386 745 439 826 qui
458 741 581 825 quidem
601 760 662 823 quo
681 735 869 800 commodius
890 735 980 796 huius
1004 735 1074 796 libri
1096 739 1142 797 sni
1162 741 1362 818 occasionem,

279 863 458 926 caussasque
481 840 622 916 afferrat,
662 849 692 900 et
712 855 873 920 personam
899 857 984 896 suam
1008 835 1120 898 celaret
1146 835 1238 919 (quod
1263 847 1364 899 tamen

278 943 362 1004 haud
382 945 454 1005 satis
476 952 563 1002 caute
584 939 673 1017 fecit,
698 948 733 998 ut
754 957 823 996 mox
842 935 966 1014 docebo)
987 936 1072 1018 fingit
1094 957 1113 996 a
1137 937 1270 1020 quodam
1292 937 1364 1000 Nilo

277 1041 421 1104 familiari
438 1062 471 1104 se
490 1039 530 1102 ad
553 1041 746 1122 scriptionem
767 1059 822 1120 per
844 1035 958 1098 litteras
975 1035 1150 1098 sollicitari:
1179 1057 1216 1098 ac
1232 1038 1290 1098 sibi
1311 1059 1366 1098 vo·

277 1140 423 1204 οοδιιΙασι
448 1138 634 1204 Christoduli
659 1139 799 1222 imponit.
851 1136 999 1198 ldoneum
1023 1136 1178 1226 profecto,
1217 1157 1367 1219 nempea

279 1251 361 1303 statu
397 1252 428 1303 et
451 1241 624 1303 conditione
655 1241 754 1319 vitae,
781 1258 874 1321 qaram
889 1237 963 1299 haec
980 1237 1114 1298 scribens
1131 1237 1263 1320 agebat:
1296 1255 1366 1320 aga-

278 1339 333 1402 bat
346 1351 447 1404 autem
463 1343 681 1406 monasticame
712 1351 742 1402 et
766 1339 889 1402 Christo
910 1340 1064 1416 serviens,
1091 1339 1200 1398 merito
1217 1337 1281 1398 eius
1301 1358 1366 1398 eer-

276 1459 352 1500 vum
371 1461 404 1503 se
421 1439 596 1524 appellavit.
628 1440 791 1502 Occrdtare
805 1459 911 1522 porro,
934 1450 965 1500 et
983 1449 1085 1522 tegere
1101 1457 1262 1519 personam
1280 1455 1367 1498 suam

270 1537 346 1608 ,ideo
368 1539 486 1620 voluit,
522 1541 613 1624 idque
639 1539 825 1622 prudenter,
861 1538 944 1622 quod
969 1538 1008 1600 de
1035 1537 1126 1600 rebus
1149 1549 1219 1600 cum
1247 1535 1366 1613 alienis,

274 1649 343 1700 arm
360 1642 422 1706 saie
441 1641 600 1704 historiam
615 1641 837 1724 composinrnm
860 1650 945 1716 erat,
973 1649 1004 1700 et
1024 1648 1202 1700 narraturam
1221 1636 1367 1720 plurima,

276 1739 389 1820 quibus
407 1740 564 1804 audiendis
579 1761 668 1804 auree
686 1739 869 1822 quibusdam
887 1737 1045 1815 dolerent,
1070 1747 1106 1798 ut
1121 1748 1211 1798 antea
1229 1736 1369 1799 videndis

275 1839 357 1902 ocuti
374 1841 546 1906 doluerant.
587 1843 645 1906 Est
667 1831 742 1904 vero
758 1853 822 1904 tarn
839 1841 1013 1922 infrequens
1027 1839 1150 1900 Graecis
1165 1839 1226 1900 hoc
1243 1857 1368 1914 nomen,

276 1939 511 2023 Christodrdus,
532 1953 568 2005 ut
585 1942 635 2005 vel
655 1943 728 2004 hinc
749 1944 808 2004 isto
828 1941 896 2003 loco
917 1941 1058 2000 fictitium
1078 1959 1114 2000 ac
1143 1923 1370 2020 supposititium

275 2053 432 2122 appareat.
480 2042 619 2125 Cumque
640 2063 697 2125 per
717 2042 749 2103 id
773 2053 893 2123 tempus
915 2043 948 2102 in
973 2042 1156 2102 monasterio
1177 2059 1235 2120 pro
1256 2039 1370 2098 Ioanne

278 2140 370 2199 etiarn
398 2141 565 2223 loasaphus
583 2153 703 2204 motato
729 2143 853 2202 nomine
883 2139 1060 2216 diceretur,
1098 2140 1176 2198 sicut
1200 2157 1263 2196 uon
1288 2135 1369 2195 anti·

277 2257 374 2318 quum
402 2249 433 2302 et
453 2243 631 2324 proprium,
668 2243 713 2302 ita
733 2261 790 2302 neo
816 2261 932 2320 novum
965 2241 1044 2300 istuc
1072 2247 1104 2298 ct
1131 2237 1368 2319 assarmptitium‚

276 2334 446 2419 loasuphus
470 2341 617 2422 inquam,
655 2341 695 2402 ad
718 2340 789 2402 libri
818 2351 973 2402 auctorem
1001 2337 1196 2400 indicandum
1221 2355 1370 2419 usurpare

277 2433 398 2500 decuit:
431 2461 470 2502 ne
493 2441 660 2504 monachus
685 2445 806 2503 inanem
832 2443 977 2523 aucupari
1002 2440 1153 2524 gloriam,
1188 2448 1219 2499 et
1233 2439 1285 2520 qui
1302 2437 1370 2496 Deo

171 2587 174 2596 ,
277 2535 442 2602 militatum
467 2554 613 2622 venerat,
642 2544 754 2603 iterum
776 2563 809 2603 se
831 2543 960 2623 negotiis
987 2539 1143 2622 implicare
1165 2536 1371 2600 saecularibus

277 2635 447 2700 sidereum.
499 2641 603 2726 Atque
622 2644 664 2704 ita
689 2642 783 2704 codex
811 2643 945 2702 Graecus
968 2636 1183 2722 ἄιτσιᾷιροφος
1204 2649 1268 2715 est,
1306 2638 1372 2698 sine

276 2733 367 2797 titulo
392 2759 528 2819 promus.
578 2743 697 2804 Deinde
720 2763 756 2803 ex
783 2743 849 2824 ipsa
878 2739 941 2802 Nili
972 2739 1099 2822 epistola
1126 2740 1372 2799 Cantacuaeuurn

277 2831 371 2898 huius
386 2837 532 2900 historiae
549 2853 727 2923 parentem,
757 2853 787 2902 et
810 2840 1000 2902 conditorem
1021 2861 1085 2900 esse
1106 2839 1300 2920 perspicuum
1323 2836 1370 2897 tit.

280 2931 340 2994 1¹1³
364 2938 446 3004 anim
470 2940 585 3018 verba,
624 2935 679 3001 καί
700 2931 749 3000 trs
770 2935 831 3020 γὰρ
864 2932 905 3000 τὰ
929 2933 1017 2999 κοινοὶ
1038 2935 1188 3009 διετέλεις
1213 2930 1371 3018 πράττων,

278 3035 420 3116 σωτηρία
438 3041 504 3110 τοῖς
522 3033 702 3120 πράγμασιν
715 3028 817 3121 ἦσθα·
837 3031 892 3098 καὶ
907 3037 964 3100 νῦν
979 3035 1100 3098 σαυτοῦ
1119 3029 1270 3116 γεγονώς,
1292 3029 1372 3114 ἅλη-

279 3131 372 3204 &tritt
409 3136 466 3198 κατ’
497 3133 699 3220 δικαιοσύνης
721 3133 924 3220 παράδειγμα
939 3132 995 3198 τὸν
1013 3131 1084 3215 βίον
1100 3133 1294 3216 κατέστησας
1315 3125 1372 3196 τὸν

279 3231 410 3294 σαυτοῦ.
460 3235 510 3298 Τιι
533 3239 617 3302 euim
637 3251 668 3300 et
687 3237 840 3321 quamdiu
860 3237 985 3318 gessisti
1005 3235 1250 3320 rempublicam,
1285 3233 1372 3296 salue

278 3331 411 3416 imperii
421 3331 536 3416 fuisti:
570 3349 600 3398 et
626 3336 745 3410 lodie,
773 3349 941 3420 postquam
965 3333 1135 3418 defunctus
1154 3337 1295 3407 Ιισιιοτσ,
1326 3334 1373 3396 tut'

279 3431 382 3515 ipsius
411 3455 477 3496 esse
506 3436 691 3515 instituisti,
726 3439 829 3500 uitam
855 3457 1019 3521 morerque
1042 3449 1113 3500 tuos
1139 3437 1301 3513 ueritatis,
1333 3453 1372 3494 ac

278 3532 420 3596 iustitiae
445 3539 611 3622 emenrplor
630 3537 780 3621 effecisti.
831 3538 912 3616 hae,
947 3541 1094 3619 inquam,
1123 3557 1214 3598 voces
1239 3555 1302 3594 non
1331 3531 1372 3594 ad

280 3629 437 3710 Iudicem,
473 3636 651 3718 Consulem,
687 3639 879 3700 Praefectum
898 3638 1050 3718 aliquem,
1086 3635 1139 3696 aed
1164 3634 1203 3696 ad
1227 3653 1373 3714 magnum

280 3729 478 3796 domesticum
503 3738 648 3802 loannem
663 3738 928 3817 Cautacuzenum,
963 3739 1051 3798 ouius
1075 3746 1144 3817 poet
1159 3733 1373 3795 Andronicum

280 3833 448 3914 minorem,
476 3839 623 3919 quamdiu
644 3841 780 3920 invixit,
802 3859 944 3922 suprema
964 3837 1021 3898 suit
1039 3845 1191 3918 potemus,
1222 3845 1252 3894 at
1275 3836 1372 3916 impe-

279 3935 410 3996 ratoriae
431 3939 568 4018 proxima
588 3941 619 3998 in
641 3941 803 4019 omnibus,
829 3950 860 4002 ct
877 3937 959 4021 apud
978 3958 1082 4002 omnes
1102 3937 1284 3998 auctoritas:
1310 3936 1372 3996 ano

280 4050 355 4094 vcro
376 4035 414 4096 ad
435 4039 534 4118 ipsum
552 4060 663 4101 munus
687 4041 935 4122 imperatorium,
965 4038 1048 4120 quod
1064 4036 1144 4098 idem
1164 4037 1241 4096 citra
1262 4054 1373 4096 nornen

281 4129 354 4213 diu,
385 4137 579 4218 postmodum
603 4151 633 4205 et
656 4161 688 4202 rc
709 4151 743 4206 et
760 4142 882 4204 uomina
912 4137 1014 4204 mulus
1034 4139 1121 4204 ancus
1137 4135 1371 4212 commatrem,
