3074 4934
437 326 722 396 nrsronrsnosr
755 335 795 398 ιι.
825 336 857 402 ιι.
1128 305 1210 391 333

132 475 262 561 ἑαυτοῖς,
292 478 484 562 δσυμπαθδς
512 479 622 569 ἔκρινα
643 483 698 550 καί
716 486 825 562 δεινοῖς
846 477 1006 572 όγνωμον,
1039 485 1069 552 εἶ
1083 485 1129 572 μή
1149 495 1356 558 stertentes

131 569 222 666 όλλιρ,
242 584 280 665 τῇ
300 577 379 666 πρός
399 575 498 647 adedo
517 587 593 667 γοῦν
619 583 771 674 ἐπιδημίᾳ
791 583 849 672 τὴν
868 583 1039 674 συμφορὰν
1058 587 1103 664 είς
1136 581 1211 653 ὅσον

128 670 189 742 οἷόν
213 699 248 742 τε
277 679 483 766 ε’πικουῳιόται
520 679 575 747 καί
601 686 812 770 παραμυθίαν
838 695 1017 771 παρασχεῖν
1041 710 1131 768 τινα,
1163 675 1224 772 μὴ’

125 781 276 854 παντελῶς
301 777 503 868 ἅπεῤῥίφθαι
530 783 703 848 ἐλπίσαντα
741 782 830 873 παρὰ
860 787 924 852 τῶν
960 787 1079 873 φίλων.
1124 787 1207 871 γενό-

106 863 210 954 5μενος
236 879 270 943 δὲ
303 881 338 946 δν
363 881 406 968 τῷ
434 881 637 970 δεσμωτηρίῳ
665 881 745 968 πρός
774 881 889 968 αότόν,
926 883 983 950 καί
1012 883 1069 970 τήν
1097 907 1130 950 τε
1152 877 1301 958 αλλ-13305

122 977 175 1056 λην
192 973 328 1043 κοίνωσιν
353 973 493 1063 arietini
514 983 571 1045 rosi
592 983 806 1068 δεσμωτηριλιυ
827 987 884 1050 καί
907 981 1048 1066 μάλιστά
1068 981 1125 1068 τὴν
1147 979 1210 1048 sind

120 1075 177 1138 τεόν
194 1077 307 1142 πλοιοόν
325 1073 484 1164 ἑωρακώς,
507 1080 616 1156 δεινοῖς
634 1103 669 1147 τε
689 1073 812 1166 ἤλγησα
834 1081 913 1169 δπὲρ
943 1077 1043 1147 edred
1067 1082 1122 1148 καί
1149 1110 1211 1148 πα-

119 1171 276 1254 ραμυθιόιν
295 1175 365 1242 τινὰ
386 1177 418 1241 εἰ
436 1171 503 1244 οἷόν
522 1203 558 1242 τε
585 1179 673 1270 αδτηῖ
698 1174 933 1268 προόθυμηθην
960 1183 1117 1269 ἐξευρεῖν.
1155 1190 1216 1252 καί

118 1291 164 1332 σοι
183 1273 389 1358 προσελθων,
422 1279 499 1364 περί
517 1279 581 1344 τεόν
600 1282 714 1344 κλοιῶν
735 1278 866 1366 ἐδεόμην
886 1279 1013 1364 μόνων,
1049 1281 1209 1366 ἀρκοῦσαν

86 1365 283 1453 Ιθῆγοόμενος
302 1369 386 1442 εἶναι
407 1375 451 1453 τός
471 1377 506 1442 ἐν
527 1379 640 1455 δεινοῖς
658 1379 889 1465 παραμυθιόιν.
910 1381 981 1446 ἐπεί
999 1382 1036 1445 δὲ
1057 1375 1206 1466 ἐγενόμην

116 1469 148 1534 όν
166 1471 320 1566 συνηθείρι
337 1479 394 1540 καί
412 1479 538 1559 συχνοῖς
552 1476 689 1564 ἐφοίτων
702 1477 782 1565 πρός
803 1477 912 1562 αδτόν,
928 1483 1045 1556 ἐκεῖνος
1059 1484 1120 1562 μὲν
1135 1481 1207 1546 οὐδ’

117 1563 195 1634 οὕτω
213 1571 296 1660 πρός
315 1576 373 1657 ἐμὲ
394 1573 536 1661 ἐμνήσθη
551 1580 615 1642 τεόν
636 1581 740 1644 κακῶν
760 1575 953 1666 ἀπαλλαγῆς,
976 1581 1014 1645 οὗ
1034 1581 1132 1662 μόνον
1149 1578 1208 1664 τὴν

90 1704 91 1712 1
113 1665 168 1751 σὴν
186 1674 259 1758 περί
279 1670 316 1736 τό
338 1674 560 1758 συγγινώσκειν
576 1683 644 1752 τοῖς
663 1674 926 1762 προσκεκρουκόσι
942 1680 1129 1766 φιλοτιμίαν
1148 1679 1207 1744 osis

111 1768 209 1852 είδαός,
232 1765 318 1838 ἄλλό
338 1771 394 1841 καί
412 1769 518 1863 ἑαυτῷ
540 1770 582 1839 τό
603 1775 771 1841 δεινότατα
790 1774 944 1854 συνειδιός
965 1776 1022 1842 καί
1040 1773 1095 1842 διό
1113 1780 1232 1845 τοῦτου
1275 1853 1278 1860 ,

82 1863 169 1951 siris
187 1869 380 1957 παραίτησιν
401 1872 625 1959 ἀπαγορεύων.
651 1873 714 1958 ἐγώ
737 1876 769 1938 δ’
788 1871 838 1940 ἔτι
857 1877 979 1958 μᾶλλον
999 1879 1035 1941 ἐκ
1053 1877 1110 1961 τῆς
1129 1900 1207 1944 σον-

110 1969 216 2048 ηθείας
235 1969 508 2054 ε’πικαμπτόμενος
527 1970 609 2058 πρός
628 1968 688 2057 την
709 1973 812 2039 αότοδ
832 1974 1064 2060 κακοπραγίαν,
1097 1971 1207 2063 ρῖἠθην

110 2065 172 2130 δεῖν
188 2063 251 2136 οἷπό
272 2073 386 2136 τετοῦ
407 2069 625 2160 δεσμωτηρίου
646 2074 693 2147 είς
722 2073 827 2159 ἕτερον
858 2067 1086 2160 ἐπιεικέστερον
1106 2097 1206 2156 μετα-

108 2177 209 2250 γαγεῖν
238 2167 375 2257 κοίτην
402 2173 460 2258 τῆς
487 2169 606 2260 μητρός
635 2171 693 2238 καί
711 2169 860 2256 γυναικός
885 2175 1020 2238 καὶτῶν
1042 2172 1205 2260 φιλτάτων

109 2267 323 2356 σννδιαγωγην
343 2270 432 2359 adripi
452 2274 577 2358 ἐφεῖναι
584 2322 594 2354 ,
627 2269 766 2354 νομίζων
788 2266 888 2349 orizae
909 2266 948 2337 όν
966 2271 1045 2357 ἡμῖν
1065 2295 1101 2337 τε
1122 2265 1205 2338 εἶναι

73 2363 284 2452 αοόσφόλειαν
306 2373 363 2434 τοῦ
380 2367 426 2456 μή
448 2397 481 2438 τι
500 2367 766 2454 ἐπιβουλεύεσθαι
786 2371 861 2458 παρ’
881 2370 1001 2454 αδτοῦ,
1033 2374 1089 2436 κατ’
1109 2370 1204 2438 αὐτόν

106 2463 195 2532 οὐδὲν
214 2457 311 2553 ἧττον
330 2461 352 2552 ἢ
368 2471 399 2534 εἰ
417 2470 600 2540 παντάπασι
615 2473 674 2538 τοῦ
690 2473 878 2555 δεσμεῖσθαι
894 2470 1079 2554 ιῖιτολόλυτο,
1099 2468 1201 2556 ἡδέως

102 2561 277 2644 διοίσεσθαι
297 2566 354 2632 καί
371 2563 561 2652 ἀνειμένως.
586 2573 679 2636 τοῦτο
698 2572 759 2652 μὲν
780 2565 840 2636 ode
862 2569 997 2656 αἰτήσας
1018 2567 1106 2657 παρὰ
1129 2573 1199 2656 σοῦ,

101 2657 219 2750 ἔπραξα
243 2667 349 2757 edred·
383 2667 462 2756 ἡδὲ
481 2669 584 2756 μήτηρ
606 2673 667 2752 μὲν
688 2665 809 2753 adseri,
841 2669 917 2734 θεία
947 2671 982 2736 δὲ
1003 2668 1085 2756 ἐμὴ,
1120 2665 1198 2756 ὅπερ

103 2758 167 2829 οὐδ’
188 2758 234 2834 όν
252 2789 326 2832 ποτε
346 2759 477 2854 ἤλπισεν
498 2767 607 2856 δρῶσα
627 2771 849 2856 γεγενημένον,
869 2767 1046 2839 καὶταῦτα
1067 2768 1122 2832 ὑπ’
1143 2763 1200 2832 υό-

100 2972 153 3009 ποα
171 2955 253 3010 aditu
272 2955 370 3007 saltem
389 2962 418 3009 et
438 2953 622 3008 collocutione
641 2953 700 3006 eins
720 2969 875 3006 aerumnam
894 2953 1067 3025 aliquantum
1080 2953 1198 3006 allevare

100 3035 127 3078 et
143 3027 332 3080 consolatione
349 3028 441 3098 aliqua
459 3027 588 3078 miserum
614 3023 749 3088 delinire,
775 3025 798 3076 si
816 3023 893 3079 aliud
910 3041 967 3078 non
988 3027 1101 3092 liceret3
1129 3041 1196 3093 spe-

99 3107 201 3151 rantem
231 3099 287 3163 ita,
320 3115 350 3150 se
371 3115 428 3149 non
456 3097 567 3167 penitas
593 3103 780 3165 contemptum
806 3096 842 3151 ab
872 3097 967 3148 amicis
995 3104 1023 3148 et
1047 3093 1195 3147 abiectum.

99 3167 164 3220 Cum
182 3168 317 3222 venissem
335 3177 427 3222 autern
448 3167 476 3218 in
495 3183 630 3220 carcerem
647 3165 832 3238 vidissemque
856 3159 1027 3237 qbantopere
1052 3181 1113 3216 eom
1133 3166 1194 3236 ipso

98 3237 156 3292 loeo
182 3255 316 3311 perquam
334 3237 463 3302 horrido,
489 3247 548 3290 tum
566 3237 685 3290 vineolis
704 3237 775 3290 eollo
793 3237 903 3290 iniectis
922 3237 1105 3310 affligeretur,
1134 3237 1194 3290 eius

97 3311 184 3363 vicem
203 3312 288 3366 etiam
307 3316 391 3381 atque
410 3311 491 3362 etiam
511 3309 588 3362 dolui
606 3317 634 3362 et
652 3307 780 3360 solatium
798 3309 840 3372 ei,
865 3307 888 3360 si
926 3307 981 3360 uod
1001 3323 1123 3380 possem,
1142 3306 1195 3360 irn-

97 3385 199 3449 pertire
222 3381 329 3435 studuit
351 3389 434 3452 teque
454 3377 567 3442 adiens,
594 3377 629 3432 de
646 3379 763 3431 vineolis
783 3385 888 3432 tantum
907 3327 1085 3434 lletrabendis
1104 3379 1192 3432 oravi:

33 3487 35 3490 -
98 3451 172 3522 quod
192 3455 224 3506 in
243 3451 287 3506 bis
304 3451 383 3504 malis
400 3450 453 3504 hoe
471 3451 655 3503 levamentum
672 3451 800 3502 sufficere
814 3449 975 3504 arbitrabar.
1013 3449 1067 3502 Ubi
1088 3449 1193 3501 crebri-

98 3523 181 3578 asad
203 3539 266 3575 eum
285 3525 442 3587 ventitans,
470 3521 632 3574 familiarius
652 3537 732 3591 agere
757 3521 854 3590 coepi,
883 3522 933 3574 ille
958 3537 993 3574 ns
1018 3517 1191 3592 sicquidem

98 3592 271 3646 liberationis
289 3595 457 3646 mentionem
473 3591 547 3662 apud
565 3607 608 3644 sne
626 3591 736 3658 intulit;
754 3609 810 3644 non
829 3593 917 3644 solnm
935 3599 1000 3644 tuae
1017 3591 1051 3642 ad
1070 3592 1191 3643 inimicis

96 3661 291 3733 ignoscendum
308 3665 441 3717 incitatae
458 3663 609 3716 voluntatis
627 3665 749 3726 nescius,
768 3661 918 3716 sedetiam
936 3663 989 3714 slbi
1007 3661 1190 3714 nefandorum

96 3735 248 3788 facinorum
265 3737 406 3799 ennesius,
435 3733 470 3788 ob
489 3751 560 3806 quae
581 3735 707 3786 effectum
724 3731 926 3803 deprecationis
947 3731 1117 3802 desperabat
1154 3731 1191 3782 dt

96 3821 145 3874 ego
164 3807 266 3860 cailla
284 3805 483 3859 consuetudine
501 3805 585 3875 magis
604 3813 706 3857 sortem
723 3801 844 3856 hominis
858 3805 1015 3862 miseratus,
1046 3803 1076 3852 in
1095 3817 1189 3852 carce-

96 3892 153 3928 rem
172 3877 309 3930 mitiorem
330 3873 567 3938 transferendum,
591 3877 700 3938 matris,
730 3875 822 3926 uxoris
841 3873 1096 3944 carissimoramqoe
1114 3870 1189 3922 libe-

95 3963 189 4000 torum
209 3948 362 4000 convictum
381 3945 407 3998 ei
426 3945 639 4017 permittendum
660 3945 827 3997 existimavi:
854 3949 947 4004 satus,
972 3957 1022 3994 nos
1045 3942 1128 3993 etiam
1148 3941 1188 3992 sic

95 4017 130 4068 ab
150 4018 210 4072 eius
225 4017 333 4070 insidiis
351 4025 425 4075 tutos
443 4018 502 4068 iore
521 4018 666 4088 ipsamque
683 4015 799 4085 perinde
816 4009 848 4066 ac'
867 4016 890 4065 si
910 4009 1034 4066 custodia
1054 4014 1129 4062 omni
1148 4011 1188 4062 li-

95 4087 147 4139 ber
169 4096 258 4151 esset,
282 4089 369 4142 vitarn
390 4085 526 4164 placidam
552 4095 580 4140 et
608 4087 755 4146 iocundam
780 4085 923 4137 victorum.
962 4081 1021 4133 Hoc
1041 4083 1126 4150 igitur
1143 4081 1185 4132 illi

115 4157 223 4211 renibus
248 4157 324 4228 apud
341 4166 369 4211 te
389 4159 456 4210 meis
476 4157 628 4228 impetravi.
666 4157 718 4208 llic
735 4164 823 4207 mater
840 4155 899 4206 eius
918 4154 1070 4223 eademque
1088 4167 1187 4203 conso·

95 4173 177 4286 lrina
193 4245 254 4282 mes
271 4229 372 4284 lactum
391 4227 598 4300 vidons‚.qu0‹l
620 4241 762 4298 nonquam
776 4226 956 4300 speravisset,
983 4223 1066 4296 idque
1078 4237 1128 4294 per
1143 4237 1186 4274 me
