3128 4922
330 917 553 998 IllCOBI
599 917 881 998 PONTANI
914 916 1293 998 PRAEFATIO.

271 1527 355 1651 Qui
376 1561 415 1626 de
431 1564 556 1628 Graecis
573 1565 606 1626 lh
625 1562 771 1626 Latinum
791 1577 969 1630 convertere
987 1565 1227 1651 aggredimur,
1256 1575 1287 1626 et
1304 1563 1362 1624 bo-

269 1688 327 1728 nos
352 1667 514 1749 scriptores
543 1665 639 1726 veluti
663 1665 806 1727 mortales
837 1671 1035 1749 peregrinos,
1083 1679 1176 1750 atque
1200 1666 1240 1726 ab
1258 1665 1366 1726 exteris

271 1766 446 1845 regionibus
463 1765 502 1826 ad
521 1785 554 1826 se
569 1767 773 1846 ventitantes,
802 1765 936 1848 hospitio
959 1767 1133 1828 humaniter
1166 1787 1203 1828 ac
1237 1765 1368 1846 benigne

270 1868 441 1948 accipiunt,
477 1887 590 1949 eosque
607 1869 723 1948 patriae
746 1887 819 1927 suae
838 1865 994 1950 linguam,
1022 1889 1147 1946 mores,
1176 1877 1207 1927 et
1229 1867 1369 1926 instituta

270 1965 381 2025 decere
401 1976 570 2044 conantur,
600 1987 661 2048 quo
685 1967 809 2047 (contm
833 1987 926 2049 quam
950 1967 1024 2028 olim
1050 1965 1134 2028 civili
1159 1967 1370 2028 Romanorum

270 2065 338 2125 iure
361 2051 627 2146 permittebatur,
662 2085 718 2147 per
748 2066 831 2148 quod
856 2067 987 2127 duarum
1013 2065 1172 2127 civitatum
1201 2067 1277 2126 civis
1305 2080 1371 2124 esse

270 2185 363 2224 uerno
383 2166 521 2247 poterut)
551 2167 584 2226 in
607 2175 763 2246 posterum
781 2185 844 2225 non
864 2168 966 2226 minus
989 2167 1069 2226 iuter
1091 2168 1239 2241 Latinos,
1275 2181 1370 2244 quam

269 2265 351 2324 inter
373 2266 506 2326 Graecos
526 2265 661 2347 proiiteri
684 2274 817 2346 queant,
851 2285 909 2326 naa
928 2265 972 2326 illi
989 2285 1101 2326 munus
1121 2285 1194 2326 sane
1211 2261 1368 2346 pulcrum,

269 2362 430 2444 utilitatis,
460 2365 718 2446 iucunditatisque
747 2363 892 2446 plenum:
937 2365 1018 2427 addo
1045 2368 1157 2442 etiarm
1188 2365 1247 2424 uisi
1271 2364 1306 2422 in
1334 2379 1371 2421 eo

270 2465 516 2528 exercitationem
539 2467 602 2526 iam
633 2467 788 2546 ceperint,
825 2464 1006 2548 impeditum
1042 2485 1078 2526 ac
1104 2463 1292 2526 laboriosum
1317 2481 1371 2543 ag·

268 2563 461 2643 grediuntur.
504 2566 588 2644 Quid
614 2567 718 2644 enim,
739 2565 872 2646 amabo,
893 2583 964 2626 cura
989 2568 1134 2626 universo
1157 2581 1267 2647 genere
1290 2561 1372 2622 litte·

268 2683 395 2744 rarum,
416 2675 485 2726 tum
498 2665 619 2726 duabus
638 2666 721 2726 hisce
740 2665 871 2748 linguis,
894 2667 1011 2727 Graeca
1042 2665 1157 2727 scilicet
1187 2685 1223 2725 ac
1246 2663 1371 2738 Latina,

268 2764 381 2846 quibus
404 2765 549 2844 divinae,
577 2766 790 2849 humanaeque
806 2777 907 2847 artes,
938 2777 969 2828 et
990 2768 1133 2828 scientiae
1151 2781 1257 2826 omnes
1273 2762 1373 2822 conti·

269 2874 401 2942 nenmr,
438 2863 647 2948 praeclarius?
696 2867 772 2948 quid
794 2867 985 2949 elegantius?
1022 2887 1154 2950 quamm
1185 2867 1219 2924 ia
1241 2873 1374 2942 utraque

172 2977 175 2986 ’
270 2975 453 3046 versantur,
486 2967 539 3048 qui
560 2963 600 3026 de
620 2964 717 3028 altera
737 2969 769 3026 in
795 2967 923 3028 alteram
947 2967 1029 3027 bona
1055 2967 1168 3049 scripta
1193 2961 1371 3040 transferre,

271 3073 302 3124 et
326 3063 365 3125 de
392 3064 602 3126 doctrinarum
625 3065 814 3145 candidatis,
849 3087 966 3149 perque
986 3066 1056 3128 illos
1076 3065 1115 3128 de
1138 3065 1300 3128 hominum
1319 3081 1373 3144 ge·

272 3183 346 3223 nere
371 3185 465 3246 quam
491 3168 607 3248 optime
625 3171 735 3228 mereri
753 3167 846 3250 (qnod
868 3170 969 3250 ipsum
990 3178 1036 3229 est
1054 3167 1195 3250 inprimis
1210 3161 1373 3242 laudabile)

274 3267 465 3334 annituntur.
515 3267 649 3328 Etcum
672 3271 839 3329 etiamnum
857 3268 941 3330 haud
961 3289 1059 3352 pauca
1083 3270 1116 3328 in
1139 3267 1263 3329 Graecis
1288 3262 1374 3324 cudi«

275 3365 383 3442 cibus,
410 3387 467 3449 per
484 3366 665 3428 illustriores
681 3372 926 3451 praepotentium
953 3391 989 3430 ac
1022 3371 1197 3453 principum
1219 3367 1373 3442 virorum,

275 3475 307 3528 et
333 3465 631 3548 rerumpublicarum
663 3468 864 3530 bibliothecas
896 3469 1001 3530 abdita
1037 3479 1068 3528 et
1103 3467 1221 3527 inclusa
1245 3463 1373 3539 lateant,

275 3565 387 3647 quibus
410 3569 443 3626 in
471 3577 610 3649 apertum
635 3569 765 3650 proditis
790 3590 943 3648 crescere,
980 3589 1015 3628 ec
1042 3568 1204 3649 propagari
1224 3565 1320 3646 possit
1341 3562 1373 3620 in

276 3687 399 3728 omnem
417 3659 536 3749 partem
559 3679 664 3730 nostra
688 3669 840 3750 eruditio,
878 3690 986 3731 eorum
1003 3667 1122 3744 studia,
1152 3667 1206 3748 qui
1233 3662 1265 3724 id
1285 3682 1375 3744 prae-

277 3778 380 3848 stant,
401 3767 534 3830 fructum
556 3769 636 3830 serre
651 3791 852 3854 permagnum
871 3773 939 3853 quis
954 3767 1160 3829 inficiabitur?
1200 3763 1261 3825 Sed
1276 3783 1374 3845 quan-

277 3889 371 3949 quam
397 3867 485 3930 labor
515 3870 540 3929 is
563 3868 664 3930 adhuc
687 3871 859 3948 tironibus,
897 3887 1126 3951 paucorumque
1153 3863 1374 3947 stipendiorum

279 3967 427 4030 militibus
459 3969 617 4051 operosior
641 3969 769 4035 accidit:
811 3978 975 4051 propterea
999 3967 1083 4050 quod
1113 3963 1265 4048 permulta
1300 3964 1375 4026 vitia

280 4078 310 4134 et
328 4077 451 4149 peecata
472 4079 658 4144 occurrunt,
686 4091 766 4151 quae
791 4071 890 4130 vitare
914 4067 1038 4129 difficile
1060 4079 1106 4128 est
1131 4067 1226 4147 (cuius
1249 4067 1292 4124 roi
1314 4083 1375 4122 non

280 4167 348 4234 leve
369 4179 601 4252 argumentum,
623 4168 797 4256 quodcum
819 4172 998 4255 interpretes
1013 4189 1110 4256 pause
1129 4159 1376 4238 innumerabiles,
