3056 4922
332 326 412 428 ada
728 287 1009 410 camacumu

181 513 242 576 tc.
256 515 320 584 1327
330 507 523 588 κομίσασθαι
541 499 648 590 χρόνῳ
670 497 767 588 ῥητῷ·
786 497 939 582 „oriendo”
959 495 978 562 ὅ
995 493 1148 582 βασιλεῦς
1172 491 1235 583 ἔφη
1254 495 1306 576 „rt
1324 493 1408 559 τοῦτο

260 633 264 640 ·
331 605 483 692 δυσχερὲς
504 604 608 684 δοκεῖ,
636 598 691 665 καί
712 597 752 664 τά
771 597 870 684 ἦμίση
896 596 1121 672 καταλιπόντες
1143 595 1280 677 τούτων,
1306 595 1349 681 τῷ
1364 616 1410 658 τε-

331 703 435 790 τάρτῳ
463 703 564 790 μορίῳ
587 701 647 764 τοῦ
674 693 748 763 ὅλου
770 693 1037 784 ἀρκεσθησόμεθα
1065 696 1120 780 τῆς
1140 689 1264 780 εἰρήνης
1283 692 1408 776 καὶτῆς

328 799 472 884 ὁμονοίας
494 796 622 886 χάριν.”
660 797 689 863 οἳ
712 799 747 864 δὲ
775 791 964 871 ἀκούσαντες
984 792 1138 882 ἐπῄνεσάν
1160 817 1193 858 τε
1219 790 1265 868 οῦς
1288 788 1410 876 κρείττω

329 901 501 986 χρημάτων
517 897 574 964 τόν
589 899 743 981 βασιλέα,
770 895 826 961 καί
843 890 1070 982 ἀναμφιβόλως
1086 891 1226 982 ἔφασκον
1249 885 1423 976 &nodedi-5

328 1005 442 1066 σεσθαι
463 995 502 1064 τά
529 999 688 1082 εἰρημένα.
725 994 769 1072 οῦς
800 997 836 1060 δὲ
863 988 946 1058 είδεν
970 991 1026 1058 ε’πῐ
1047 993 1168 1068 τοῦτοις
1196 990 1414 1071 συνθεμένους,

327 1097 519 1182 βουλόμενος
540 1093 557 1160 ὃ
575 1092 746 1179 βασιλεῦς,
774 1093 819 1172 οός
836 1093 892 1158 καί
911 1096 974 1158 τῶν
994 1095 1075 1158 ποῖοι
1094 1088 1268 1158 δοκούντων
1283 1113 1414 1174 μετριω·
1516 1143 1517 1166 ,

297 1195 433 1265 ordros
451 1193 505 1261 διά
528 1192 565 1261 τό
582 1194 638 1262 τόν
651 1193 788 1277 πόλεμον
804 1195 1021 1279 καταλυθῆναι
1034 1193 1196 1271 ἔξάπαται
1215 1186 1308 1272 ἓκοόν,
1328 1189 1415 1272 ποιῆ-

327 1321 384 1364 σαι
405 1295 552 1384 φανερόν,
571 1298 683 1378 ,δέοιθ’
703 1293 765 1382 ἔφη
785 1296 862 1377 „sai
875 1292 964 1374 ῦμῖν,
989 1289 1071 1358 κατά
1095 1315 1131 1356 τε
1152 1289 1211 1376 τὴν
1231 1289 1307 1356 δδδν
1324 1311 1415 1354 πεπο-

225 1404 258 1462 V.
273 1422 321 1461 rao
333 1395 441 1482 νηκόσι
462 1395 517 1460 καί
539 1389 647 1483 ἀσιτίρι
671 1393 1030 1480 προσταλαιπωρήσαοιν
1046 1387 1120 1477 ὅλην
1136 1389 1193 1478 την
1206 1389 1339 1478 ἡμέραν,
1357 1385 1449 1472 χοὶ-ιο
1517 1406 1518 1458 λ

329 1521 381 1584 ριν
400 1493 588 1559 καταθεῖναί
596 1517 678 1558 τινα.
700 1492 813 1557 asinaria
830 1490 886 1556 καί
901 1489 937 1556 τό
952 1496 1101 1577 τέταρτον
1120 1495 1185 1556 anis
1205 1489 1414 1576 ὀφειλομένων

328 1593 499 1680 χρημάτων
530 1590 648 1680 ἀφίημι
676 1590 768 1674 ῦμοῦν
794 1589 912 1677 χάριν,
946 1593 1001 1655 καί
1031 1589 1125 1656 οῦδὲν
1154 1584 1241 1674 παρά
1263 1583 1415 1670 βασιλέως

330 1691 455 1758 άπαιτιῦ
486 1689 568 1777 πλὴν
598 1687 656 1755 ὅσα
679 1687 709 1755 οἱ
738 1687 779 1754 τά
805 1689 944 1775 δημόσια
974 1691 1167 1764 διοικοῦντες
1183 1733 1186 1740 -
1201 1688 1306 1762 αἰτίας
1332 1679 1417 1758 τινάς
1518 1668 1519 1734 ό

329 1787 526 1872 πλασάμενοι
542 1791 688 1874 ψευδεῖς,
716 1782 984 1876 ἀποστερήσαντες
1001 1789 1158 1872 βασιλέως
1170 1784 1302 1870 ἔχουσιν
1319 1782 1417 1864 edroi,

330 1891 520 1968 ἀποδείξεως
540 1892 709 1972 γενομένης
728 1889 896 1974 ἐναργοῦς,
916 1891 1019 1952 ταῦτα
1038 1885 1178 1970 λαβόντα
1202 1888 1362 1966 διανεῖμαι
1382 1883 1450 1967 apsi
1519 1930 1520 2014 ρ

330 1990 465 2078 στρατιᾷ
483 1990 600 2073 μικρᾶς
615 1987 704 2052 ἕνεκά
721 2011 803 2062 τινος
822 1984 1042 2073 παραμυθίας.
1062 1981 1108 2072 μη
1126 1983 1317 2070 θαυμάσητε
1332 1983 1419 2067 disti
1519 2015 1520 2062 i

331 2084 405 2172 περί
417 2089 474 2151 τοῦ
491 2081 537 2170 μη
554 2087 619 2149 δεῖν
638 2083 693 2150 εἰεί
710 2095 783 2161 ταῖς
807 2080 924 2172 ἑτέρων
948 2083 1177 2170 κακοπραγίαις
1201 2086 1306 2169 ἕτερον
1323 2107 1418 2166 μεγα-
1519 2107 1520 2122 ³

240 2189 486 2266 Ρ.15ολοφυχει”ν
510 2185 566 2247 καί
582 2188 819 2268 φιλοτιμεῖσθαι
840 2181 941 2249 πολλά
961 2181 1116 2270 πρότερον
1131 2179 1244 2265 εἰπάν,
1265 2184 1324 2247 νῦν
1341 2175 1419 2246 οῦτω

330 2281 446 2371 ῥᾳδίως
473 2281 515 2346 τά
542 2291 609 2356 τοῖς
636 2279 844 2367 στρατιώταις
873 2280 1065 2370 ὀφειλόμενα
1086 2281 1236 2370 χρήματα
1260 2276 1420 2368 πρόειμαι.

330 2379 389 2445 ε’άν
405 2378 464 2466 γάρ
485 2380 530 2456 είς
542 2377 599 2444 τόν
624 2381 738 2466 ἐφεξῆς
746 2377 864 2466 χρόνον
880 2379 962 2448 κατά
984 2379 1061 2457 τοῦς
1076 2377 1189 2467 ὅρκους
1204 2383 1259 2445 καί
1271 2377 1332 2455 τάς
1350 2401 1455 2447 συν-νο

330 2477 431 2566 θήκας
455 2479 475 2564 ἦ
496 2477 666 2564 τεταγμένη
680 2476 868 2568 μισθοφορά
886 2485 1064 2569 παρέχηται
1087 2473 1215 2561 αῦτοῖς,
1236 2475 1277 2544 τά
1299 2474 1420 2567 ἀφειλό-

331 2603 413 2661 μενα
431 2581 486 2644 ἐπί
504 2581 548 2666 τῷ
573 2578 693 2664 προτοῦ
709 2574 792 2643 πάνυ
816 2583 980 2666 φιλοῦντες
1001 2582 1075 2663 ε’μοί
1092 2581 1284 2664 χαριοῦνται
1308 2576 1422 2666 χρόνῳ.

334 2669 437 2754 ἀλλως
459 2701 493 2741 τε
516 2673 623 2742 ἔδεισα
644 2677 689 2761 μη
711 2703 758 2754 τις
782 2680 837 2743 καί
858 2677 912 2743 διά
929 2682 1030 2744 ταῦτα
1044 2679 1172 2763 γένηται
1191 2674 1332 2763 ἀναβολὴ
1346 2674 1422 2762 πρός
1521 2689 1522 2694 ’

333 2773 392 2862 τὴν
413 2775 554 2866 εἰρήνην,
575 2774 631 2841 καί
647 2773 787 2859 δόξωμεν
805 2779 927 2859 μᾶλλον
942 2776 1119 2864 ἐξεπίτηδες
1138 2773 1191 2842 τόν
1212 2775 1351 2861 πόλεμον
1373 2771 1422 2840 os‘-

336 2931 459 2984 solvere:
476 2928 593 3000 proinde
609 2949 659 3002 pro
673 2929 752 3001 copia
765 2948 838 2986 nune
855 2933 1025 3003 acciperent,
1039 2905 1176 3002 reiiqdum
1191 2929 1227 2984 ad
1247 2929 1323 2984 diem
1342 2946 1421 3001 prac-
1520 2929 1522 2982 J

335 3001 441 3052 finitam
456 3001 602 3071 accepturi.
639 3001 668 3054 si
683 3001 737 3053 boc
754 3001 868 3068 difficile
884 3003 988 3072 putatis
998 3041 1007 3068 ‚
1030 3005 1135 3073 excipit
1154 3005 1319 3073 imperator,
1341 3003 1421 3056 etiam

336 3068 453 3122 dimidio
479 3073 610 3136 remisso,
636 3081 732 3144 quarta
753 3080 830 3140 parte
854 3076 930 3142 pacis
958 3082 988 3127 et
1015 3072 1176 3128 concordiae
1202 3091 1280 3125 eausa
1299 3070 1422 3126 contenti

336 3144 446 3193 erimus.
483 3141 546 3212 Quo
563 3141 672 3206 audito,
694 3143 815 3212 episcopi
835 3161 897 3196 eum
916 3152 980 3196 uta
1000 3145 1116 3214 pecunia
1131 3145 1263 3196 invictum
1285 3161 1422 3196 commen-

336 3209 448 3274 darunt,
466 3211 743 3283 spoponderuntque‚
759 3215 825 3266 citra
839 3216 1046 3267 controversiam
1064 3223 1169 3286 partem
1187 3215 1288 3266 dictam
1303 3215 1423 3268 solutum

336 3281 381 3338 iri,
400 3283 548 3350 Imperator
565 3289 595 3333 ut
608 3281 639 3333 in
652 3279 704 3334 hoc
716 3301 807 3335 seeum
825 3285 958 3337 facientes
977 3283 1056 3349 vidit,
1080 3285 1172 3337 rolens
1188 3293 1311 3338 constare
1336 3285 1423 3336 omui-

336 3348 404 3413 bus,
423 3369 451 3402 re
471 3351 591 3403 libenter
608 3351 676 3422 beili
696 3353 814 3408 toilendi
830 3373 909 3407 causa
932 3352 966 3406 de
983 3355 1042 3408 iure
1061 3371 1110 3408 suo
1130 3355 1212 3408 etiam
1234 3356 1264 3406 in
1281 3356 1336 3418 iis,
1355 3369 1422 3426 qnae
1521 3419 1522 3424 ¹

338 3427 429 3473 essent
443 3422 563 3472 omnium
576 3421 747 3476 consessione
761 3425 990 3490 moderatissima,
1007 3424 1158 3490 decedere,
1178 3426 1304 3496 Oportet,
1323 3425 1421 3495 inquit,
1520 3426 1522 3474 ἑ

338 3499 367 3542 et
378 3490 456 3542 vobis
474 3488 509 3542 de
522 3491 565 3541 via
580 3491 657 3544 sessis
677 3501 706 3545 et
720 3495 804 3547 totius
822 3496 879 3548 diei
901 3493 996 3548 inedia
1020 3495 1140 3560 vexatis,
1168 3497 1280 3566 gratiam
1304 3495 1422 3567 aliquam

337 3559 496 3628 rependere.
533 3561 629 3634 ltaque
649 3568 677 3612 et
695 3573 820 3634 quartam
842 3572 946 3635 partem
967 3564 1078 3618 debitae
1103 3567 1235 3636 pecuniae
1258 3568 1289 3618 in
1310 3567 1423 3635 gratiam

336 3639 452 3682 vestram
473 3631 596 3684 remitto:
612 3639 641 3684 et
659 3631 694 3683 ab
716 3649 764 3689 avo
790 3635 862 3688 nibil
881 3638 923 3688 exi
943 3653 973 3700 o,
992 3637 1046 3689 nisi
1067 3635 1142 3707 quod
1164 3646 1342 3708 quaestores,
1360 3652 1422 3686 eon-

337 3701 407 3754 fictis
429 3701 593 3786 quibusdam
607 3704 693 3755 crusis
709 3703 872 3774 imperatore
890 3655 1061 3770 debendam,
1079 3707 1133 3760 ribi
1150 3710 1279 3770 retinent,
1298 3705 1329 3760 id
1345 3703 1417 3778 qnod

336 3771 449 3856 probari
465 3789 608 3857 perspicue
626 3782 737 3858 potest,
756 3785 786 3829 ut
800 3775 871 3830 hanc
884 3794 1016 3830 rummam
1039 3775 1074 3861 ad
1088 3778 1278 3862 qualecunque
1296 3777 1421 3830 solatium

336 3859 365 3894 ιιι
387 3843 503 3895 mitatem
530 3841 697 3911 dispertiam.
733 3846 775 3899 Ne
797 3857 890 3900 tamen
908 3865 955 3900 ros
977 3848 1122 3901 admiratio
1144 3857 1249 3918 eaput,
1277 3845 1421 3916 quomodo,

336 3929 396 3964 cum
410 3922 473 3966 autc
488 3913 657 3977 affirmarim,
674 3933 730 3968 nou
749 3928 875 3986 oportere
885 3919 915 3970 in
928 3918 1026 3970 alienis
1039 3917 1155 3971 miseriis
1172 3918 1421 3988 magnanimitatem

336 3992 489 4046 ostentare,
508 4001 580 4036 nunc
594 3983 662 4036 adeo
675 4003 730 4038 uon
747 3998 930 4059 repugnanter
940 3989 1035 4042 debita
1048 3988 1184 4041 militibus
1202 3987 1341 4058 stipertdia
1356 4003 1419 4039 con·

336 4053 445 4108 donem.
482 4053 511 4106 Si
536 4071 654 4125 namque
676 4054 710 4108 de
732 4064 822 4110 cetero
844 4076 877 4112 ex
899 4059 1011 4113 foedere
1033 4060 1182 4113 constituta
1200 4057 1340 4130 stipendia
1359 4073 1419 4139 pef-
1521 4079 1522 4140 ρ

336 4124 491 4190 solventur,
519 4139 589 4194 quae
604 4139 638 4176 ex
657 4134 811 4196 antegressa
834 4137 957 4198 tempore
987 4131 1044 4183 iliis
1063 4128 1217 4190 debentur,
1249 4145 1297 4198 pro
1320 4129 1418 4182 enimse
1521 4141 1522 4174 ι

337 4210 442 4256 amore,
458 4211 512 4264 quo
528 4209 571 4248 mc
587 4191 717 4264 dissgunt,
733 4195 802 4249 mihi
822 4200 973 4254 remittent.
1017 4201 1158 4254 Praeterea
1179 4201 1279 4262 timeo,
1301 4216 1339 4252 ne
1357 4215 1417 4267 pro-
1521 4205 1522 4222 ³

336 4272 398 4334 pter
416 4262 484 4316 haec
498 4277 550 4333 pax
566 4261 706 4323 differatur
724 4265 917 4342 videamurque
931 4269 1055 4325 consulto
1072 4269 1177 4324 beilum
1193 4267 1308 4326 trabere.
1329 4270 1417 4342 Quare
