3114 4930
450 309 735 378 ermenricum
763 316 790 378 1.
819 321 878 384 ιι..
1119 285 1122 290 “
1156 253 1239 373 55'

125 448 186 542 ἦν,
204 449 310 536 άλλως
330 461 366 527 δέ
386 452 558 546 άγχίνους,
579 465 634 530 ναί
652 467 691 531 οδ
710 465 807 550 μόνον
825 470 881 554 τῆς
899 472 974 534 καθ
994 467 1096 554 ἦμάς,
1128 462 1275 534 detdic·
1291 475 1357 530 ¹320

124 555 183 620 κατ’
195 560 251 642 τῆς
265 554 327 636 ἔξω
345 559 461 644 σοφίας
479 563 524 639 εἰς
542 556 638 650 όνρον
653 567 819 650 ἐληλακάς
840 564 899 651 τὴν
919 565 981 653 γάρ
998 567 1211 654 ἀστρονομίαν

123 651 190 718 άπό
207 679 290 731 τινος
304 659 480 742 Βρυεννιλιυ
498 663 625 746 φαόλας
643 662 804 739 τινάςνιαέ
818 665 874 728 οὖν
891 660 1031 751 ἀκριβεῖς
1045 664 1130 734 πάνυ
1149 693 1222 732 πα-·

122 751 276 837 ραλαβάν
296 750 413 840 άρχάς,
446 755 542 835 αότός
562 761 656 838 ἰδίοις
676 760 783 838 πόνοις
810 761 1059 849 ἑξηκριβάαατο,
1093 763 1233 840 vietelli
1261 782 1273 810 ·
1315 773 1317 776 ’

102 848 207 933 5μττά
228 854 329 918 ταῦτα
348 854 484 932 πολλοὺς
502 859 537 923 ἐν
557 857 711 948 έπιστήμη
731 864 786 926 τοῦ
816 863 1005 948 μαθήματος
1034 861 1093 927 σὺν
1122 863 1214 950 άιιρι-
1304 821 1310 875 l

123 949 198 1038 βείρ
220 953 369 1033 γενέσθαι
396 959 472 1040 παρ’
497 949 598 1022 αότοῦ
623 959 851 1042 διδαχθέντας·
881 957 984 1025 διιαδ
997 960 1214 1043 θαυμάζοντος
1264 1033 1266 1038 ,

122 1051 292 1132 βασιλέως,
313 1049 370 1116 καὶ
381 1047 460 1141 πρός
476 1079 547 1120 τινα
565 1057 630 1121 τάν
650 1059 756 1148 ἐκείνιρ
772 1055 993 1145 φοιτησάντυιν
1013 1061 1174 1146 ε’ρομένου,
1196 1059 1213 1126 ὃ

122 1149 156 1210 Γ
154 1151 294 1234 ρηγοράς
312 1141 404 1229 οὗτος
418 1143 473 1238 ἦν,
494 1152 596 1232 πάςό
617 1155 799 1242 Μετσχάης
816 1159 852 1224 έιι
874 1157 1006 1245 φαόλοιν
1018 1161 1082 1225 τῶν
1103 1158 1214 1244 δρχάν
1294 1219 1297 1226 .

123 1241 321 1329 ὡρμημένος,
351 1246 452 1328 σότας
467 1246 613 1339 ἠδυνήθη
632 1254 711 1341 πρός
726 1255 847 1324 τελείαν
861 1256 1017 1344 ἐξεύρεσιν
1032 1259 1091 1324 soii
1104 1253 1214 1344 μαθὴ-
1316 1321 1319 1332 .

85 1360 225 1424 ιοματος
234 1344 348 1429 ἐλθεῖν,
360 1349 421 1430 ,ου’
430 1351 637 1434 θαυμαστόν’
646 1353 747 1441 φάναι
761 1351 934 1438 „duodeci”
941 1354 1212 1443 τὸνέρατηθέπα,

120 1445 182 1524 „in
201 1446 365 1524 λαμπάδος
383 1454 498 1536 μικρᾶς
518 1449 635 1538 πυρσόν
655 1453 839 1541 ἀναφθῆναι
853 1457 983 1540 μέγαν,”
999 1455 1163 1522 ἐπαινέσαι
1177 1477 1211 1520 τε

121 1541 236 1607 τοῦτον
256 1546 312 1628 τῆς
332 1537 495 1629 ἀγχινοίας
513 1549 568 1615 τὸν
588 1554 731 1635 βασιλέα,
751 1555 806 1620 καί
824 1551 862 1620 τό
884 1555 996 1622 uinctus
1016 1556 1073 1639 τῆς
1092 1550 1210 1628 εἰκόνος

121 1641 302 1722 θαυμάσαι
322 1636 414 1722 οὗτος
424 1645 462 1733 δὴ
479 1641 568 1714 οένά
587 1653 686 1733 μέγας
704 1653 871 1738 λογοθέτης
887 1651 941 1718 διά
957 1677 992 1718 τε
1010 1649 1066 1739 τὴν
1083 1650 1211 1718 σόνεσιν

121 1739 181 1802 ναί
190 1737 248 1824 τήν
263 1741 392 1829 σοφίαν,
412 1749 468 1816 καί
480 1745 538 1833 τὴν
552 1745 594 1833 ἣν
613 1743 698 1832 εἶχεν
713 1751 948 1838 ἐπιτηδειότητα
961 1749 1041 1838 πρὸς
1057 1749 1115 1835 τὴν
1129 1748 1211 1814 διοί-

83 1835 215 1922 itaquo
240 1842 305 1906 τῶν
323 1844 515 1928 πραγμάτων
541 1850 656 1931 πολλῆς
684 1845 851 1914 άπολαόων
876 1847 963 1935 παρά
983 1851 1139 1932 βασιλέως
1155 1849 1234 1914 cri-c

122 1935 279 2022 ποιότητος
295 1940 351 2006 καί
361 1943 536 2028 εὐμενείας,
557 1944 714 2031 ἐθάρσησε
732 1945 787 2014 καί
803 1944 898 2024 αὐτὸς
910 1950 956 2038 τῷ
973 1952 1101 2031 βασιλεῖ
1112 1969 1211 2033 προσ-

120 2031 226 2100 ἐλθών
245 2040 321 2124 περέ
338 2043 397 2104 τοῦ
417 2039 541 2126 ἐγγόνου
564 2043 792 2128 διαλεχθῆναι,
811 2045 935 2111 πείθειν
962 2046 1147 2131 έπιχειράν,
1169 2042 1212 2120 ὥς

122 2126 161 2196 ori
183 2135 238 2200 δεῖ
252 2133 294 2201 τά
315 2143 498 2207 καθεστῶτα
518 2135 633 2224 ιιινεῖν,
662 2141 736 2209 οὐδὲ
756 2141 813 2210 τὸν
833 2141 959 2229 ἔγγονον
976 2145 1031 2230 τῆς
1049 2145 1213 2226 βασιλείας

121 2231 379 2320 δποστεροῦντα,
408 2232 506 2328 ἑτέρῳ
526 2243 682 2325 μηδαμῶς
707 2239 892 2328 προσήκοντι
919 2243 1086 2328 παρέχειν,
1117 2241 1149 2304 εἰ
1166 2237 1211 2325 μή

79 2352 157 2397 ποτε
173 2324 272 2416 ἄλλο,
303 2334 363 2412 τάς
387 2329 449 2402 άπὸ
466 2337 579 2404 τοάτοο
595 2339 740 2426 ταραχάς
758 2331 999 2426 συμβησομένας
1017 2339 1211 2423 εὐλαβούμε-

120 2454 186 2496 νον.
205 2433 319 2497 ἐκεῖνοι
345 2437 404 2516 μέν
422 2427 620 2502 οὖντοιαῦτα
642 2440 698 2504 καί
711 2440 789 2525 ἕτερ’
818 2432 900 2503 cino
916 2436 1124 2523 διελέχθησαν
1143 2443 1286 2520 lle-Ur
1332 2460 1336 2468 ·

120 2536 218 2596 σιλεϊ·
240 2530 368 2598 ἐδόκουν
387 2536 423 2601 δὲ
440 2534 550 2613 λίθους
565 2538 666 2619 &prta
693 2535 787 2623 άγάρ
806 2535 956 2620 βασιλεδς
970 2533 1212 2622 άνεπιστρόφως

119 2626 224 2712 εἴχετο
244 2631 309 2696 τάν
329 2627 383 2697 ἐπ’
409 2633 512 2721 άρχῆς
543 2636 738 2721 δεδογμένων
758 2635 814 2702 sol
830 2633 888 2722 τὴν
914 2634 992 2723 πρὸς
1011 2633 1066 2702 τὸν
1085 2633 1211 2720 ἔγγονον

192 2803 235 2842 aa.
259 2788 361 2846 λίθους
379 2787 470 2857 ἕψειν.
505 2791 554 2844 Est
577 2793 752 2860 proverbium
771 2791 903 2847 Graccum
927 2809 977 2864 pro
997 2789 1072 2845 πίλίλ
1097 2797 1144 2844 aot
1167 2788 1212 2844 irc-

193 2875 301 2916 εσεειιοι
318 2867 410 2932 agere.
447 2863 479 2914 ln
497 2871 575 2918 textu
593 2863 666 2916 huod
684 2863 835 2936 quidquam
854 2863 1022 2918 mutandum·
1039 2862 1102 2920 Eo.
1121 2862 1151 2914 P.

122 2969 345 3023 externisetiam
362 2970 463 3023 litteris
481 2971 669 3040 politissimus.
706 2973 813 3024 Etenim
833 2989 893 3023 cum
908 2971 1089 3023 astronomiae
1107 2969 1217 3040 princi-

122 3040 171 3108 pia
188 3059 203 3092 a
222 3041 341 3110 quodam
359 3041 495 3107 Bryennio
513 3042 618 3094 minuta
637 3049 666 3093 et
684 3041 843 3110 imperfecta
868 3042 1031 3108 accepisset,
1051 3042 1111 3107 ipre
1128 3039 1159 3090 in
1176 3055 1210 3090 eo

122 3108 216 3162 studio
235 3111 435 3164 accuraliraima
455 3111 599 3181 diligentia
621 3128 669 3164 sua
691 3119 782 3163 lautos
806 3127 948 3174 processus
975 3111 1081 3172 educit,
1110 3117 1141 3159 ut
1160 3107 1211 3160 de-

122 3179 189 3234 iude
207 3199 320 3252 quoque
338 3182 471 3250 permulti
490 3182 520 3235 in
538 3180 632 3234 endem
651 3179 767 3232 seientia
784 3183 845 3250 ipso
863 3188 1039 3251 praeceptere
1056 3195 1212 3248 progressus

123 3250 241 3302 eximios
260 3251 354 3320 adepti
370 3253 434 3304 sint.
473 3251 556 3320 Quod
575 3269 636 3304 cum
655 3253 802 3318 imperator
821 3250 967 3314 admiraus‘,
985 3248 1131 3318 Gregorom
1152 3250 1210 3302 eius

122 3320 280 3372 auditorem
303 3330 542 3390 percunctaretur,
576 3322 624 3392 qui
642 3319 753 3374 tandem
771 3321 934 3374 Metochites
961 3329 1052 3390 atain
1079 3319 1211 3372 tenuibus

122 3393 264 3460 prosectu·
290 3392 392 3460 initiiq,
419 3393 454 3446 ad
477 3393 585 3460 plenam
602 3391 684 3448 huius
709 3391 871 3461 disciplinae
890 3391 1073 3461 cognitionem
1092 3391 1211 3460 aspirare

121 3465 270 3528 potuisseta
289 3463 396 3514 audivit
416 3463 450 3515 nb
471 3480 518 3526 eo,
544 3462 617 3515 nilril
635 3479 692 3516 eme
710 3465 818 3526 mirum,
837 3481 870 3516 ex
887 3479 970 3533 parva
989 3459 1112 3530 lampade
1129 3461 1211 3514 locu-

104 3529 227 3584 'lentam
248 3534 336 3584 lacem
355 3533 483 3586 accendi:
516 3532 645 3586 laudavit
654 3533 845 3602 respondentia
865 3549 976 3585 acumen
995 3533 1157 3599 imperator,
1183 3537 1212 3582 et

124 3601 244 3672 imagine
269 3601 349 3656 obvia
373 3621 404 3655 nc
431 3604 559 3658 familiari
583 3611 707 3656 naturam
731 3605 771 3655 roi
794 3612 857 3656 ante
882 3605 975 3656 oculos
994 3609 1113 3670 ponente
1133 3600 1213 3652 dele-

125 3679 215 3724 etatur
229 3679 279 3724 eet.
313 3673 383 3742 Ergo
393 3671 439 3727 hie
453 3691 563 3743 magnus
579 3673 717 3743 logotheta
735 3692 795 3726 cum
810 3683 922 3742 propter
940 3671 1149 3739 intelligentiam
1168 3679 1211 3722 at-

126 3759 181 3812 que
205 3741 360 3794 doctrinam
386 3745 541 3805 liberalem,
568 3752 595 3796 et
614 3746 643 3796 in
669 3745 786 3812 negotiis
811 3743 946 3798 obeundis
965 3741 1155 3798 dexteritatem
1176 3739 1211 3791 ab

127 3813 293 3880 imperatore
316 3813 488 3867 familiariter
510 3813 656 3870 admodum
679 3814 855 3882 diligeretur,
880 3830 960 3865 ausus
986 3819 1028 3862 est
1052 3811 1156 3877 etipse
1177 3808 1212 3860 de

128 3891 229 3951 nepote
252 3885 332 3936 illum
353 3885 513 3946 admonere,
544 3885 726 3954 suadereque,
752 3901 787 3936 uc
804 3884 893 3936 remel'
909 3883 959 3936 lixa
978 3888 1006 3931 ct
1025 3888 1083 3931 rota
1101 3879 1212 3930 convel-

128 3951 196 4004 leret
215 3971 285 4006 neve
303 3956 448 4022 imperium
467 3953 564 4014 eidem*
579 3955 713 4017 ablatum,
738 3955 834 4016 alteri,
859 3954 903 4006 cui
922 3953 1035 4003 minime
1054 3948 1213 4010 deberetur,

127 4023 258 4076 traditum
276 4025 376 4076 vellet:
406 4027 430 4078 εἰ
455 4043 512 4077 uon
537 4023 683 4087 abaliud,
709 4033 738 4076 at
755 4032 828 4076 certe
845 4040 880 4075 no
900 4022 970 4074 tanti
992 4019 1123 4076 tumultus
1146 4017 1213 4069 inde

127 4093 271 4146 cierentur.
309 4095 383 4146 llaec
396 4106 424 4148 et
434 4095 533 4148 similia
549 4096 703 4162 imperatori
715 4097 871 4146 occinentes
885 4093 927 4144 illi
942 4090 1007 4152 duo,
1023 4087 1127 4156 lapidos
1136 4087 1215 4140 vide-

126 4161 225 4218 bantur
236 4181 371 4235 coqueret
390 4183 451 4217 nam
467 4165 543 4237 quocl
552 4183 568 4218 a
578 4163 728 4236 primordio
744 4164 909 4226 decreverat,
928 4162 963 4214 ab
974 4177 1006 4212 eo
1017 4159 1115 4212 deduci
1127 4157 1211 4210 nullis

123 4233 261 4296 machinis
282 4244 393 4317 poteret
414 4253 542 4308 suamquc
564 4235 763 4306 malignitatem
781 4237 811 4290 in
833 4241 964 4306 nepotem
982 4231 1062 4286 relius
1079 4228 1145 4300 ipsis
1164 4237 1219 4284 cxi
1287 4278 1290 4288 ‚
