3128 4922
284 307 327 368 Vl
681 301 990 367 ruttuomt‘ttts.

283 489 377 540 nam
410 461 587 552 adhibet,
620 463 753 540 itaut
783 462 990 538 maximam
1024 477 1174 568 partem
1197 455 1375 534 emenda-

284 586 440 662 tionum
464 611 598 662 earum
632 587 675 664 in
702 606 810 664 textu
833 609 1020 692 reponere
1045 609 1126 660 non
1150 579 1374 658 dubitarim.

286 707 376 806 Quo
402 711 521 813 magis
545 708 759 787 dolendum
784 731 854 800 est,
891 709 1088 784 uberiores
1111 706 1192 780 eius
1215 722 1376 780 annota-

284 832 424 923 tiones,
447 833 498 908 ad
522 860 618 936 quas
640 833 823 910 lectorem
845 861 884 938 p.
915 857 995 933 ¹77·
1010 832 1049 912 C.
1071 828 1252 918 remittit,
1275 854 1378 902 nnn-

285 979 407 1056 quam
441 955 485 1034 in
520 955 648 1030 lucem
672 953 862 1060 prodisse,
894 977 1022 1057 neque
1054 951 1216 1028 omniuo
1248 949 1298 1028 ab
1331 975 1377 1024 eo

285 1095 435 1154 tantam
459 1077 504 1155 in
527 1077 804 1183 posterioribus
832 1077 1086 1156 Cantacureni
1107 1073 1218 1152 libris
1242 1099 1379 1152 curam

206 1295 210 1302 .
284 1201 451 1308 positam
473 1227 567 1295 esse,
593 1221 743 1306 quanta
768 1203 812 1279 in
837 1197 1062 1305 castigandis
1087 1195 1285 1304 prioribus
1303 1193 1379 1269 ela·

284 1325 437 1402 borasse
462 1325 674 1404 censendus
699 1346 763 1408 est.
814 1327 1063 1429 Quamquam
1084 1321 1144 1398 vet
1170 1319 1214 1396 in
1234 1317 1296 1398 his
1320 1318 1379 1422 ip-

285 1449 334 1526 sis
358 1449 473 1553 plura
498 1448 651 1541 inveni,
691 1475 792 1553 quae
825 1475 916 1526 cum
940 1443 1141 1524 manifesto
1171 1440 1378 1548 depravata

284 1591 409 1648 essent
431 1591 471 1648 et
494 1575 635 1679 corrigi
653 1593 871 1682 poscerent,
898 1574 965 1650 ille
989 1597 1070 1648 non
1088 1554 1378 1654 animadvertit,

287 1714 358 1772 aut
378 1699 642 1777 animadversa
660 1703 715 1777 ita
740 1700 911 1792 tentavit,
939 1717 986 1774 ut
1003 1695 1204 1775 veritatem
1220 1691 1380 1796 scripto-

288 1821 420 1925 risque
435 1852 599 1904 manum
621 1825 799 1904 nondum
813 1842 1004 1904 assecutus
1016 1820 1223 1899 videretur·
1242 1823 1381 1921 Itaque

287 1945 369 2051 ipse
385 1948 618 2027 emendandi
635 1949 801 2028 subinde
817 1949 1037 2055 periculum
1053 1946 1147 2037 feci,
1171 1959 1211 2017 et
1227 1941 1384 2044 siquan-

289 2065 340 2145 do
361 2071 521 2146 meliora
547 2100 592 2148 ac
617 2076 708 2150 satis
732 2093 836 2150 certa
860 2088 1119 2177 suppeterent,
1144 2091 1187 2142 ea
1210 2064 1381 2140 breviter

289 2191 470 2270 indicavi.
519 2195 661 2274 Codice
683 2223 774 2276 usus
797 2223 884 2272 sum
908 2197 1041 2270 nullo:
1067 2185 1256 2270 eiusmodi
1273 2211 1384 2293 prae·

288 2312 377 2390 sidii
403 2317 488 2392 loco
511 2319 726 2396 versionem
737 2317 903 2395 Pontani
930 2316 1072 2411 habui;
1098 2313 1246 2418 inspexi
1266 2312 1384 2390 etiam

290 2435 506 2533 interdum,
548 2468 620 2520 nec
655 2441 697 2520 id
720 2443 807 2520 sine
828 2467 966 2550 operae
987 2441 1145 2530 fructu,
1164 2435 1384 2514 editionem

289 2563 481 2652 Venetam
509 2593 544 2641 a.
574 2565 791 2668 1729.f01.‚
826 2593 946 2672 quem
979 2591 1026 2640 ex
1061 2563 1236 2640 Parisino
1261 2589 1385 2638 exem·

289 2685 357 2789 plo
391 2689 663 2795 transcriptam
687 2715 763 2768 esse
787 2673 945 2766 constat
1003 2691 1059 2764 Ea
1098 2689 1204 2764 enim
1235 2688 1386 2792 aliquot

290 2805 430 2885 menda
448 2810 527 2886 iam
546 2827 716 2886 correcta
730 2811 903 2902 exhibet,
918 2812 1087 2888 aliorum
1103 2829 1232 2890 tamen
1246 2812 1385 2918 passim

291 2927 413 3004 obsita
436 2951 493 3007 est
518 2932 634 3010 turba
656 2933 839 3012 foediore.
901 2935 1083 3038 Denique
1114 2936 1317 3013 nonnullis
1340 2937 1384 3014 in

291 3049 387 3130 locis
415 3053 772 3144 emendationibus,
805 3083 902 3162 quas
933 3058 1009 3134 Vir
1034 3061 1218 3156 Illustris,
1257 3063 1297 3136 B.
1335 3061 1383 3138 G.

291 3175 553 3268 Niebuhrius‚
588 3200 646 3274 et,
682 3184 795 3260 cuius
827 3209 936 3259 nunc
959 3185 1094 3261 Bonna
1126 3185 1297 3264 distracti
1325 3183 1385 3259 iu·

291 3300 565 3380 surdissimam
579 3307 805 3384 memoriam
829 3307 896 3383 hic
920 3309 1087 3386 recolere
1111 3309 1236 3405 iuvat,
1262 3311 1386 3387 Henr.
1413 3411 1414 3416 Ἰ

291 3423 524 3518 Grauertus,
559 3428 728 3531 margini
760 3429 961 3521 editionis,
995 3459 1074 3536 qua
1107 3451 1219 3528 utor,
1246 3432 1386 3510 adscri-

291 3565 466 3652 pserant,
496 3549 644 3654 egregie
665 3549 847 3629 adiutum
869 3581 931 3631 me
951 3581 1028 3634 esse
1042 3574 1172 3659 gratus
1187 3555 1384 3661 profiteor·

392 3671 535 3762 Restat,
570 3691 618 3748 ut
641 3671 707 3766 iis,
739 3703 841 3780 quae
866 3678 909 3754 in
946 3677 1186 3782 praefatione
1217 3678 1385 3760 Pontani

292 3789 342 3867 de
364 3795 631 3876 Cantucuzeno
657 3796 740 3902 ipso
767 3799 926 3906 eiusque
951 3801 995 3874 in
1019 3797 1245 3876 enarrandis
1269 3800 1386 3879 rebus

295 3915 371 3992 fide
403 3945 449 3994 ac
485 3920 614 4000 studio
636 3921 717 3998 veri
742 3923 832 4000 satis
857 3923 1061 4028 magnifice
1084 3920 1382 4030 praedicantur,

292 4039 488 4125 indicium
504 4041 645 4122 addam
662 4043 734 4122 Ed.
751 4045 945 4140 Gibboni,
963 4048 1008 4126 in
1021 4047 1156 4155 primis
1167 4045 1385 4148 intelligen-

293 4161 342 4238 tis
355 4162 498 4242 harum
515 4193 647 4245 rerum
671 4169 958 4266 existimatoris,
990 4168 1099 4276 quod
1127 4169 1223 4250 adeo
1246 4195 1381 4252 verum
