3114 4930
477 353 763 427 rusrouranun
792 363 818 426 1.
847 367 899 440 29.
1149 339 1231 456 139

135 507 258 573 πόλεων
272 508 385 577 trena»
401 505 445 586 ῶς
457 511 521 577 τῶν
529 512 589 593 μὲν
601 513 755 602 άπωτέρω
767 513 827 603 τήν
836 519 897 600 μέν
906 517 1029 608 βλάβην
1040 513 1157 606 ἥσσονα
1169 548 1232 587 τια-
1239 539 1301 596 λα,
1313 545 1378 600 1322

134 609 327 692 ρεχομένων,
346 607 588 697 εάαλωτοτέρων
601 614 646 678 δέ*
663 615 727 680 τῶν
741 615 776 679 δέ
788 613 868 698 μετά
880 621 940 683 τοῦ
952 621 1072 701 μᾶλλον
1083 617 1250 704 βλάπτειν

134 704 191 768 κατ’
207 706 454 792 καρτερωτάτων
472 706 535 775 άπό
557 735 592 776 τε
608 713 663 796 τῆς
680 717 744 779 τῶν
762 717 878 799 τειχῶν
891 721 1088 804 κατασκευῆς
1106 718 1163 784 καί
1177 725 1235 809 τῆς

133 801 407 892 έγκαθιδρυμένης
425 807 589 893 δυνάμεως
606 811 719 878 οόσῶν.
741 811 843 878 ἐδόκει
861 814 899 901 δή
919 817 975 884 ε’πί
997 811 1111 906 ’Ἀπρω
1128 823 1233 886 ἐλθεῖν

113 906 271 987 5πρῶτον.
292 906 349 972 καὶ
367 901 500 995 άραντες
520 914 555 978 ἐκ
574 909 826 997 Διδυμοτείχου,
848 915 919 983 ἐπεὶ
932 916 1038 983 πάντα
1058 917 1234 1006 παρεσκεά-

132 1025 221 1083 uero,
243 1005 300 1069 καί
316 1003 397 1091 πρός
415 1005 451 1074 τό
468 1007 700 1098 μισθοφορικόν
716 1008 753 1076 τό
769 1018 903 1102 χρυσίον
922 1014 1112 1104 διενεμήθη,
1131 1011 1265 1103 ἦλθονΡ.
1273 1034 1311 1097 87

131 1100 186 1166 ἔπε’
201 1092 336 1189 Ἄπρω.
364 1110 727 1194 στρατοπεδευσαμένων
744 1113 781 1178 δὲ
799 1114 879 1197 ἐκεῖ,
900 1115 1032 1198 πέμψας
1050 1114 1067 1179 ό
1085 1113 1235 1200 βασιλεάς

131 1192 291 1284 ἦσπάζετο
311 1201 385 1280 τοός
406 1205 461 1271 ἐπὶ
478 1209 541 1274 τῶν
562 1211 692 1293 τειχῶν,
713 1209 769 1277 καὶ
783 1210 864 1300 πρός
877 1212 911 1279 τό
928 1212 1034 1300 μάχης
1052 1215 1156 1303 ’χωρὶς
1173 1215 1234 1280 αδ-

130 1303 174 1387 τῶ
189 1300 353 1389 ἐπεχείρει
372 1306 586 1392 παραδιδόναι
604 1305 641 1373 τό
658 1308 801 1395 πόλισμα
822 1311 963 1397 πείθειν,
996 1307 1069 1379 οὔτε
1091 1315 1233 1402 ἡμαρτή-

93 1407 221 1470 ιοκέναι
242 1407 375 1494 φάσκων
394 1405 509 1487 αότοός
522 1405 633 1494 οόδὲν,
663 1403 735 1477 odae
756 1411 853 1478 αάτόν
870 1411 1056 1498 όργιζεσθαι
1076 1412 1155 1501 πρός
1174 1413 1235 1479 αδ-

129 1502 221 1588 τοός,
244 1503 329 1571 άλλά
348 1504 405 1594 τήν
423 1511 528 1575 αἰτίαν
546 1513 603 1596 τῆς
627 1511 823 1588 άποστασίας
844 1513 899 1578 tui
912 1511 967 1579 τόν
988 1515 1043 1605 βάρι
1058 1511 1234 1597 κατασχόν-

128 1629 184 1687 τα,
215 1603 279 1669 οὖν
298 1605 347 1670 ἐπ’
367 1607 486 1685 αάτοδς
504 1605 586 1676 εἶναι
605 1606 679 1686 τοάς
694 1605 968 1696 ήναγκασμένους.
999 1613 1109 1700 διόπερ
1129 1612 1186 1678 καί
1205 1615 1236 1678 εἰ

127 1703 394 1792 προσχωρήσοιτο
411 1703 549 1792 άμαχελ,
573 1715 703 1786 πολλαῖς
726 1709 922 1798 εάεργεσίαις
940 1712 1133 1796 ἀμείβεσθαι
1150 1708 1234 1778 εἶναι

128 1806 266 1881 δίκαιος.
290 1803 319 1871 οἱ
338 1808 369 1871 δ’
390 1807 445 1872 dns*
460 1811 518 1874 rod
533 1811 658 1893 τείχους
677 1805 781 1886 εάθός
810 1809 878 1873 οὐδ’
894 1799 1234 1892 όλουςάναμείναντες

93 1899 269 1970 ι5άκοῦσαι
287 1903 363 1982 τοὺς
379 1903 466 1991 παρά
481 1909 638 1990 βασιλέως
654 1903 783 1992 λόγους,
819 1909 922 1983 κακῶς
940 1933 976 1972 τε
990 1906 1131 1994 ἔφασκον
1147 1901 1233 1992 ήκειν

127 1999 245 2088 αάτόν,
287 2007 343 2070 καί
358 2001 432 2082 τοάς
450 1999 573 2092 άπάτης
591 2009 744 2091 γέμοντας
768 2009 922 2072 τουτουσὶ
941 2003 1055 2091 λόγους
1077 2007 1135 2070 οάκ
1152 2007 1234 2072 ἐκεί-

126 2125 209 2187 νοις,
238 2095 316 2168 odae
342 2105 516 2170 δεδοικόσιν
535 2097 606 2171 οὔτε
623 2103 703 2193 πρός
722 2103 844 2192 άπάτήν
865 2098 954 2172 odore
973 2103 1130 2188 εδκόλοις,
1160 2103 1258 2170 ἄλλο

127 2195 254 2292 ἑτέροις
267 2205 387 2286 μᾶλλον
409 2201 578 2292 προσήκειν
602 2209 715 2290 λέγειν·
742 2204 838 2271 advos*
854 2208 889 2272 δὲ
906 2209 950 2295 τῷ
968 2231 1002 2272 τε
1018 2203 1236 2272 πεπιστευκότα

127 2299 185 2388 τήν
205 2305 315 2368 πίοτιν
332 2301 496 2390 τηρήσειν,
531 2303 587 2369 καὶ
600 2303 636 2371 τό
655 2302 810 2394 φροάριον
835 2304 989 2393 φυλάξειν
1008 2305 1178 2392 ἀσφαλῶς.
1215 2301 1234 2369 ό

90 2399 283 2486 αοβασιλεός
301 2403 331 2466 δ’
353 2395 450 2480 αὖθις
467 2406 596 2487 πέμψας
611 2397 738 2492 έεέρους
747 2458 757 2489 ,
777 2401 823 2492 μή
842 2402 877 2471 τό
900 2409 1004 2482 κακῶς
1024 2409 1140 2470 παθεῖν
1156 2429 1235 2470 συν-

127 2502 300 2586 εβούλευεν
317 2497 447 2567 ἑλέσθαι
457 2505 631 2584 μᾶλλονέξ
652 2505 822 2589 ἀβουλίας,
853 2501 925 2570 ένόν
945 2501 1006 2582 ἔξω
1023 2528 1058 2569 τε
1079 2503 1233 2570 κινδύνων

127 2598 210 2667 εἶναι
230 2602 292 2666 καὶ
308 2605 423 2668 παθεῖν
441 2591 495 2668 ed.
530 2605 646 2670 τῶνδὲ
663 2604 855 2692 ὑβριστικῶς
876 2603 1156 2691 ἀποκριναμένων,
1177 2599 1234 2668 κατ’

127 2702 233 2778 λίθοις
253 2699 310 2766 καί
321 2704 427 2784 βέλεσι
443 2698 519 2779 τοάς
536 2702 789 2786 ἀπεσταλμένους
806 2701 977 2788 βαλόντων,
999 2699 1106 2790 ἕτερόν
1120 2725 1155 2766 τε
1168 2727 1233 2788 μη·

129 2803 205 2866 δένα
240 2796 317 2888 πρός
343 2798 461 2878 αάτοός
486 2796 574 2886 ήκειν
591 2803 884 2892 παραγγειλάντων,
920 2803 965 2880 ῶς
983 2798 1081 2868 airis
1103 2802 1233 2868 άποκτε-

92 2898 282 2985 aiseium,
302 2898 373 2966 ἐπεὶ
385 2899 431 2988 μή
448 2897 551 2987 λόγοις
573 2897 660 2993 ἕάρα
678 2907 803 2972 πειθειν
822 2901 956 2982 δυνατός
971 2895 1016 2970 ῶν
1038 2898 1232 2986 άβαοιλεάς,

131 3111 159 3159 et
186 3106 253 3176 capi
276 3103 385 3158 facilius
406 3112 535 3175 possent,
568 3105 634 3158 illae
652 3114 681 3160 et
698 3107 760 3176 plus
787 3112 934 3169 nocerent,
961 3111 989 3158 et
1009 3121 1070 3170 cum
1095 3109 1234 3157 structura

131 3177 297 3239 moenium,
326 3185 383 3229 tum
398 3177 514 3230 militari
534 3176 608 3229 intus
637 3177 776 3247 praesidio
802 3187 893 3230 essent
916 3175 1113 3234 validissimae.
1148 3175 1233 3227 Stetit

131 3249 291 3310 sententia,
310 3248 386 3316 prius
406 3248 492 3317 Apros
512 3247 718 3317 aggrediendos.
753 3249 854 3301 Paratis
876 3247 1004 3302 omnibus
1024 3257 1052 3300 et
1068 3245 1186 3318 pecunia
1201 3245 1233 3298 in

131 3316 278 3388 stipendia
295 3327 454 3384 numerata,
472 3317 668 3386 Didymoticho
689 3319 756 3372 illuc
771 3327 895 3372 movent:
923 3319 972 3371 ubi
989 3319 1082 3370 castris
1107 3333 1232 3370 commu-

131 3390 216 3452 nitir,
240 3387 447 3442 caduceatorem
462 3389 550 3442 mittit
564 3389 727 3460 imperator,
747 3393 796 3461 qui
820 3408 870 3460 pro
888 3391 973 3442 muris
992 3396 1094 3442 stantes
1123 3387 1233 3449 salutet,

133 3467 161 3511 et
174 3460 210 3512 ad
237 3459 333 3513 urbem
350 3460 410 3514 sine
428 3459 607 3514 dimicatione
626 3459 777 3513 dedendam
793 3459 932 3530 impellat,
952 3461 1092 3532 dicatque,
1109 3477 1166 3510 non
1183 3475 1232 3512 eos
1255 3519 1258 3528 q

133 3527 291 3596 deliquisse
307 3530 479 3602 quidquam,
499 3549 551 3584 nee
564 3531 756 3601 imperatorem
775 3534 841 3602 ipsis
859 3531 955 3585 irasci:
984 3530 1033 3584 sed
1051 3530 1159 3600 culpam
1182 3525 1233 3579 de-

133 3599 363 3670 iectioniepenes
381 3620 444 3654 eum
461 3619 542 3666 esse,
561 3604 609 3673 qui
623 3602 740 3655 deficere
756 3605 898 3673 coegisset,
916 3620 973 3654 non
990 3617 1074 3670 pones
1094 3601 1167 3662 illos,
1182 3599 1233 3668 qui

133 3673 224 3724 coacti
245 3671 369 3724 fuissent
407 3672 592 3742 Quamobrem
608 3673 641 3735 si,
654 3675 752 3743 positis
771 3676 862 3736 armis,
889 3671 924 3724 ad
947 3674 1030 3725 iidem
1054 3671 1232 3738 officiumque

133 3743 280 3805 redirent,
301 3742 386 3794 multa
402 3742 537 3797 beneficia
553 3747 758 3828 promerituros.
794 3745 830 3795 At
845 3743 918 3797 enim
936 3745 1028 3814 quiin
1046 3741 1129 3793 muris
1146 3745 1233 3802 erant,

134 3829 170 3864 ne
186 3821 279 3865 toturn
295 3813 418 3882 quidem,
438 3815 513 3885 quod
533 3813 685 3878 ducebatur,
702 3813 796 3866 audire
817 3815 992 3876 sustinentes,
1007 3813 1124 3879 maligne
1142 3811 1234 3878 ipsum

134 3885 233 3936 venire
249 3883 467 3948 succlamabant,
483 3894 511 3938 et
526 3885 690 3937 cantilenam
707 3887 795 3937 istanc
809 3903 865 3938 non
882 3883 952 3944 sibi,
997 3882 1026 3931 ui
1045 3881 1120 3932 omni
1140 3885 1234 3948 essent

136 3962 265 4024 expertes
279 3963 356 4007 metu
373 3973 424 4008 nee
438 3957 509 4008 dolis
523 3955 619 4008 deludi
637 3956 719 4008 facile
734 3963 853 4025 possent,
875 3952 923 4005 sed
944 3951 1005 4003 alirs
1023 3951 1116 4018 potius
1130 3947 1232 4001 debere

137 4027 281 4078 occinere:
301 4042 330 4077 se
346 4027 476 4082 creditori
493 4043 541 4079 suo
564 4027 646 4079 fidem
658 4035 686 4079 et
709 4025 840 4096 oppidum
856 4032 915 4076 tuto
934 4029 1093 4088 servaturos.
1130 4021 1233 4072 iterato

138 4097 290 4150 mittuntur
309 4095 379 4160 alii,
405 4099 453 4168 qui
474 4097 621 4162 suadeant,
647 4115 683 4150 ne
708 4097 824 4149 consilio
846 4095 918 4147 malo
942 4107 1080 4164 pravoque
1100 4091 1235 4142 maleficia

139 4181 221 4235 quam
236 4167 392 4231 beneficia,
410 4185 471 4220 cum
483 4171 604 4237 possint,
623 4167 740 4239 experiri
759 4167 864 4218 malint
901 4163 1011 4235 Quibus
1037 4160 1234 4215 contumeliose

139 4238 393 4308 respondentibus,
409 4237 604 4311 lapidibusque
619 4247 647 4292 at
668 4239 764 4292 iaculis
779 4237 970 4292 caduceatores
985 4231 1189 4305 appetentibus,
1202 4247 1234 4282 ac

140 4307 175 4361 de
193 4317 285 4366 cetero
301 4321 466 4382 quemqnam
481 4307 558 4364 adse
576 4309 650 4364 mitti
672 4307 844 4376 rotantibus,
872 4308 927 4364 uisi
953 4321 1015 4361 osam
1035 4305 1153 4361 occisam
1173 4301 1233 4356 rel·
