3128 4922
602 303 707 366 cum
738 305 762 366 1.
1204 269 1228 358 5

119 459 187 528 loga
215 451 357 510 monacha
382 469 466 526 super
482 451 606 512 induciis
630 439 760 529 rogatum
785 455 894 514 accedit
911 457 975 527 (ou).
1011 455 1231 531 lisposrespon·

119 527 210 591 dens,
237 544 266 581 se
286 527 318 576 in
345 542 430 579 avum
456 527 689 601 officiosissimum
713 525 893 583 demonstrat.
936 534 1012 582 Aous
1035 530 1229 586 iusiurandum

120 597 191 662 dot,
225 608 255 652 et
271 593 532 650 anathematismum
557 597 709 652 rescindit:
734 599 888 661 irascitur,
915 596 1050 652 hominem
1077 599 1111 654 de
1130 601 1228 672 infima

118 669 201 737 plebe
232 663 273 718 ad
297 683 326 718 se
349 667 504 720 iuramenti
525 665 659 738 exigendi
682 671 800 720 missum.
833 671 950 723 Factum
977 682 1128 724 excusatur
1161 669 1227 741 (23).

119 735 255 792 Adriano
294 735 339 785 lin
362 753 390 789 se
417 738 519 808 recipit
542 755 644 808 nepos,
674 755 706 791 eo
726 753 839 792 uxorem
858 752 966 792 evocat.
1002 739 1173 809 Sprgiannes
1191 736 1232 792 ad

120 825 217 860 senem
280 804 362 875 ficits
397 806 535 860 obiectum
557 805 698 882 perfidiae
727 809 831 862 crimen
850 809 1014 880 negatrsl).
1039 811 1101 862 leur
1121 813 1230 878 infestis

119 879 216 946 signis
235 876 424 943 Byzantium.-
445 880 593 948 optimates
621 891 647 930 et
665 876 749 932 duces
773 880 914 932 exercitus
940 875 979 930 ud
1006 897 1090 932 auum
1110 877 1142 933 de
1159 897 1230 952 pace

119 945 256 1002 scribunt
296 944 361 1017 (25).
386 946 470 999 Xeno
486 959 578 1001 mater
589 946 748 1002 Andronici
764 951 882 1003 minoris
893 947 1107 1004 Tlsessalonicae
1126 969 1143 1002 a
1162 964 1230 1004 tem·

120 1018 169 1088 plo
188 1018 314 1079 avulsa,
330 1034 383 1086 pro
401 1018 518 1086 captiva
535 1014 687 1072 adducitur
710 1019 975 1089 Constantinopolin
992 1018 1058 1090 (αδ).
1100 1019 1161 1074 Pas
1182 1037 1231 1091 pt·

121 1089 207 1140 titur.
246 1084 365 1140 Morbus
382 1087 520 1150 iunioris,
559 1105 578 1140 a
603 1108 659 1162 quo
684 1087 914 1161 stratopedarcha
938 1087 1065 1142 desciscit
1080 1089 1146 1160 (η).
1178 1093 1230 1144 Be·

120 1157 297 1228 neficentiae
322 1158 420 1226 magni
445 1155 608 1220 domestici,
635 1157 748 1231 eiusque
772 1163 870 1214 mntris
894 1158 1058 1212 Theodorus
1082 1161 1230 1232 magnani-

119 1231 210 1303 mitas
228 1225 295 1298 (28).
330 1223 437 1298 Oppida
455 1229 527 1299 Apri
543 1225 618 1299 (29),
652 1230 789 1292 Garella,
812 1228 1011 1292 theodotum,
1038 1231 1088 1284 Ser
1106 1231 1229 1282 entzium

121 1311 316 1367 occupantur.
342 1299 428 1350 Sacci
445 1309 611 1354 exuruntur.
647 1297 899 1371 Stratopedarchae
919 1297 1062 1384 perfidia,
1081 1247 1230 1370 shyrmpemi

119 1370 250 1490 pastorqq'p
265 1364 462 1490 fidelitaqop‘n
479 1366 619 1490 dqminum
640 1382 679 1490 ἔτ
705 1371 812 1453 caritqs
829 1372 861 1422 in
881 1371 1024 1424 immicum
1052 1369 1229 1454 qdenirabilis

121 1437 195 1591 {tit
210 1449 374 1560 ..hilii
413 1439 1229 1593 etmxttztt..3?:}ttl'fftftittt‘ttttifltzltz't

121 1575 1229 1734 illiti..{tl'J'tt't'ttitttssttltlif‘t·.tttl.l.⁰'t‘.{¹tt‘.²'.fit

125 1721 209 1791 giunt
223 1717 291 1788 (31)
322 1717 452 1771 Poscitur
474 1737 590 1788 pacem,
608 1735 692 1789 quom
709 1717 779 1772 dare
798 1723 922 1792 cogitat,
941 1724 984 1774 ita
1002 1733 1033 1773 ut
1051 1739 1128 1792 epse,
1147 1737 1227 1773 exer*-

128 1792 220 1852 cs'tus,
239 1789 341 1848 urbes,
364 1801 424 1841 tota
444 1789 558 1857 imperii
572 1787 785 1844 administratio
800 1809 885 1860 penes
901 1793 1039 1845 seniorem
1056 1793 1114 1844 sint
1131 1788 1165 1843 de
1182 1806 1228 1844 ce·

130 1873 197 1913 tero.
235 1859 393 1912 conciones
412 1861 606 1929 imperatoris,
629 1871 656 1911 et
676 1860 869 1913 Cantacuneni
895 1858 936 1913 ad
956 1861 1097 1931 principes
1131 1873 1159 1914 et
1175 1855 1227 1912 du·-

134 1947 178 1982 ces
194 1931 328 1982 exercitus
341 1927 406 2000 (32).
425 1929 592 1992 Responsum
609 1930 718 2000 nepotis
735 1927 776 1980 nd
785 1946 868 1983 avum
879 1929 913 1984 de
924 1931 1005 2002 pacis
1019 1926 1226 1982 conditionibus

137 1996 201 2066 (33)
219 2003 310 2051 Actum
326 2000 438 2068 gratias
463 2013 491 2054 et
508 2015 608 2081 pacem
634 1997 827 2066 confirmatum
836 2000 919 2054 Xeno
933 1997 1079 2072 adfilium
1097 1999 1226 2051 mittitur.

142 2063 313 2123 Condiciones
341 2086 427 2122 senec
450 2072 571 2139 accepit,
597 2065 637 2122 ad
659 2085 739 2141 quem
763 2067 941 2124 salutandum
959 2086 1044 2140 nepos
1061 2070 1226 2138 Byzantium

140 2135 272 2190 concedit:
290 2141 340 2192 ille
360 2139 472 2192 obviarn
489 2159 517 2194 se
533 2142 599 2208 fert.
634 2139 678 2192 lhi
696 2137 865 2194 consuetudo
884 2137 1022 2214 quaedam
1040 2139 1225 2210 imperatoria

137 2205 298 2262 declaratur.
339 2211 400 2264 Una
417 2211 450 2261 in
467 2211 560 2264 urbem
576 2207 784 2278 ingrediuntur.
822 2211 873 2264 Die
888 2211 1017 2281 sequenti
1030 2209 1083 2264 Des
1104 2227 1173 2262 arae
1189 2207 1223 2260 de

132 2279 255 2350 corgfecta
278 2296 350 2350 pace
374 2298 458 2350 nepos
485 2283 595 2349 gratias
624 2297 641 2331 a
663 2282 693 2332 it.
737 2281 773 2332 In
790 2281 902 2350 palatio
920 2296 980 2334 cum
998 2295 1055 2334 aaa
1094 2281 1150 2348 egit
1167 2279 1223 2332 ali-

148 2345 278 2401 uamdiu:
296 2345 337 2400 ad
354 2367 414 2402 eum
432 2348 612 2420 spectandum
628 2297 791 2419 ssequentes
813 2349 937 2422 undique
965 2367 1115 2402 concursus
1139 2347 1221 2416 fiunt.

126 2369 349 2484 llidymotichum
383 2417 458 2472 redit
472 2418 539 2490 (34).
579 2419 818 2489 Sphentisthlobus
845 2419 939 2473 morlo
966 2421 1080 2481 interit,
1114 2419 1222 2472 Tertere

124 2489 187 2562 filio
205 2507 380 2552 successore,
400 2507 418 2541 a
436 2508 491 2574 quo
513 2487 717 2560 Philippopolis
736 2491 857 2559 capitur.
901 2489 992 2562 Nepos
1017 2489 1153 2544 Moesiam
1178 2490 1223 2541 in·

127 2577 264 2622 cursans,
289 2555 410 2630 praedas
437 2561 659 2629 ingemescunt,
684 2571 711 2612 ct
729 2561 862 2628 Byzantii
878 2561 1063 2630 Syrqiannem
1081 2561 1114 2609 in
1130 2575 1221 2610 senem

125 2631 336 2684 coniurationis
360 2646 436 2683 reum
455 2631 486 2681 in
511 2646 624 2684 carcere
648 2631 777 2681 invenit:
800 2631 831 2682 in
849 2647 949 2702 quem,
964 2629 1047 2700 facto
1064 2629 1131 2681 licet
1144 2641 1223 2700 pote·

123 2713 216 2764 state,
237 2699 404 2752 sententiani
415 2699 498 2770 serre
522 2699 623 2752 ahnuit
641 2697 706 2770 (35).
742 2701 869 2754 Moritur
892 2699 1027 2753 Terteres.
1073 2699 1222 2769 Complura
1249 2743 1252 2750 .

123 2773 251 2826 Moesiae
269 2766 372 2840 oppida
389 2768 552 2823 Andronico
570 2768 675 2824 minori
692 2785 720 2821 se
741 2768 862 2822 dedunt:
880 2771 991 2840 reliqua
1009 2769 1154 2830 Baesilas,
1173 2767 1223 2820 de·

120 2842 219 2912 suncti
236 2841 312 2909 regis
326 2851 460 2910 patruus.
480 2840 534 2891 sibi
552 2841 659 2892 asserit.
696 2841 753 2892 Avi
776 2840 920 2894 commissu
943 2857 1027 2910 nepos
1044 2838 1222 2910 Philippopo-

123 2912 187 2974 lin,
208 2907 258 2964 sed
274 2908 410 2980 frustra,
436 2921 585 2980 oppugnat.
622 2908 778 2972 Machina,
804 2908 949 2964 cuiusdam
977 2909 1111 2962 Germani
1136 2923 1221 2975 opus,

124 2979 298 3052 depingitur.
338 2979 381 3032 De
411 2980 537 3032 Boesilae
559 2981 633 3033 socii
657 2991 684 3032 et
708 2979 794 3034 amici
819 2992 905 3034 morte
920 2978 1019 3058 salsus
1042 2994 1137 3036 rumor
1155 2975 1222 3046 (36).

123 3049 329 3122 Philippopolis
341 3049 470 3121 fortuito
489 3062 672 3119 recuperatur
689 3047 753 3120 (37).
790 3049 897 3102 Bellum
920 3066 952 3098 sn
972 3047 1108 3102 barbaros
1125 3043 1223 3098 decer-

124 3124 227 3182 nitur,
248 3121 387 3174 incassum
402 3117 630 3172 dissentientibus
648 3120 770 3170 senioris
787 3119 980 3180 consiliariis,
1000 3135 1018 3169 a
1034 3133 1089 3189 quo
1106 3131 1223 3185 magnus

125 3189 294 3245 domesticus
320 3187 529 3242 commendatur
545 3187 612 3258 (33).
655 3187 716 3240 Pae
741 3201 767 3241 et
784 3183 892 3257 fisedus
918 3187 994 3240 inter
1020 3188 1221 3256 imperotores,

125 3274 152 3315 et
167 3263 309 3324 Moesum,
344 3261 456 3330 quicum
480 3259 604 3312 iunioris
628 3270 715 3328 nupta
742 3270 804 3312 erat
821 3275 910 3311 soror.
952 3257 1012 3311 Mos
1036 3257 1222 3310 Romanorum

124 3325 1223 3470 tulitin⁹stssttihl‘t·.tt²ftltit..ltl'tttztttzt',32²2th

240 3442 248 3454 ι
462 3437 464 3442 “
1072 3435 1079 3460 Ι

122 3484 235 3542 portem
256 3469 377 3522 llomoni
401 3467 558 3524 trucidant.
605 3469 671 3522 Cum
695 3468 861 3535 Scytharum
888 3463 1010 3538 quodam
1028 3465 1097 3520 duce
1116 3467 1224 3537 nepotis

124 3559 161 3596 ex
188 3541 282 3593 altera
308 3541 373 3610 ripa
401 3539 571 3609 colloquium
590 3537 655 3610 (39).
695 3540 777 3593 Irene
801 3539 908 3592 conius
933 3535 1005 3590 diem
1031 3539 1110 3598 chit,
1140 3544 1223 3592 Anna

125 3609 288 3668 Sahaudiae
314 3610 424 3664 comitis
460 3611 512 3662 elia
537 3609 647 3663 iuniori
672 3606 712 3661 ad
729 3608 896 3663 connubium
912 3609 1021 3678 petitur
1035 3606 1112 3679 ((ο),·
1130 3609 1187 3678 ipse
1205 3624 1224 3660 a

122 3677 292 3753 patriarcha
308 3681 386 3733 lsaia
402 3695 433 3732 so
446 3679 515 3732 enni
531 3679 700 3740 ceremonia,
740 3696 804 3732 uam
822 3689 923 3732 auctor
941 3689 1073 3732 accurate
1089 3695 1123 3732 es
1142 3678 1223 3736 licat,

125 3747 352 3822 coronatur(lo).
392 3751 490 3802 Annae
509 3767 523 3802 e
541 3748 685 3802 Sahaudia
700 3698 821 3802 illustris
838 3745 990 3811 adventus,
1010 3763 1094 3820 quae,
1130 3764 1224 3814 ycan-

125 3823 192 3874 tiis
210 3817 322 3874 lendide
339 3821 462 3890 peractis
479 3818 603 3887 nuptiis,
623 3821 684 3890 ipsa
702 3835 813 3891 quoque
832 3835 940 3871 corona
958 3815 1096 3872 induitur.
1138 3815 1226 3869 Noli-

125 3895 166 3946 les
221 3887 309 3944 baudi
328 3890 483 3959 complures
499 3891 582 3970 quasi
597 3907 649 3960 per
665 3890 864 3942 successionem
887 3899 1001 3940 manent
1027 3887 1226 3940 Constantino-

123 3963 204 4036 poli,
222 3974 251 4016 et
276 3961 471 4031 imperatorem
497 3975 626 4013 iuvenem
651 3955 771 4012 ludicris
799 3956 907 4010 artibus
926 3958 1087 4009 instituunt.
1123 3957 1226 4010 Persae

122 4031 282 4104 praedones
300 4029 465 4084 caeduntur.
501 4027 660 4099 Imperator
675 4027 771 4100 pedem
786 4028 890 4097 sagitta
909 4028 1088 4080 vulneratur.
1123 4025 1227 4096 Magni

124 4099 271 4159 domestici
288 4101 320 4153 in
336 4118 431 4172 pugna
450 4099 552 4150 virtus.
586 4095 712 4154 Michael
726 4099 885 4154 Moesorum
905 4113 956 4150 res
971 4097 1082 4151 Zernae
1099 4112 1160 4150 cum
1176 4111 1228 4148 ns·

122 4186 185 4244 pote
203 4171 267 4226 dies
295 4171 407 4242 aliquot
425 4169 531 4222 hilares
548 4171 619 4238 ogit.
653 4165 879 4237 Didymotichum
897 4182 1037 4228 reversus,
1063 4163 1096 4219 cle
1116 4184 1172 4220 avo
1191 4163 1226 4218 ah

123 4262 152 4308 se
165 4247 227 4300 sins
253 4259 342 4296 causa
363 4240 490 4297 alienato
508 4239 638 4294 nuntium
659 4236 845 4310 accipistis).
887 4235 1159 4308 Passio-persebastus
1182 4253 1229 4290 re-
