3128 4922
269 307 337 370 xlv
693 301 720 360 1.
749 295 928 376 PORTA-lii

270 475 478 560 Nicephorum
495 474 662 557 Gregoram
678 468 775 532 multa
795 491 866 532 cunr
886 467 1071 551 acrimonia,
1107 483 1139 535 et
1152 472 1247 535 buius
1264 473 1363 558 posita

272 580 323 658 (ne
354 575 485 660 amplios
514 573 680 636 verborum
709 571 742 632 in
774 591 808 632 re
837 587 947 653 parurn
972 570 1113 654 ambigua
1140 575 1362 654 consumamus)

271 677 432 738 manifeste
451 673 540 738 nobis
559 671 770 755 astipulantur.
802 671 886 752 ‚Ubi
905 691 979 754 prae
997 671 1202 754 indignatione
1221 674 1364 735 dissimu-

270 773 351 838 latae
365 793 512 860 personae
522 776 703 852 immemor,
732 793 870 834 caussam
884 791 970 832 suam
991 775 1161 834 accuratius
1176 777 1250 856 agit,
1271 793 1365 856 quam

271 875 349 940 alius
367 897 425 960 pro
443 878 624 959 coegisset:
644 875 764 936 tameui
781 873 813 934 id
834 871 1029 956 postmodum
1049 873 1311 958 animadvertens,
1332 875 1365 933 in

196 1003 199 1012 ¹
271 978 355 1038 viam
369 977 493 1056 redeat,
525 995 708 1058 rursumque
725 975 778 1058 qui
797 976 856 1054 sit,
887 973 1078 1036 dissimulare
1096 974 1226 1037 studeat.

355 1077 500 1162 Sequitur
521 1088 557 1138 ut
581 1076 621 1138 de
646 1076 822 1138 oeconomia
850 1076 985 1138 breviter
1007 1086 1039 1136 te
1067 1096 1256 1136 moneamus.
1309 1073 1368 1136 His

271 1188 403 1260 quatuor
429 1173 515 1239 libris
541 1197 590 1238 res
611 1175 668 1238 sub
688 1187 821 1260 utroque
845 1173 1044 1254 Andronico,
1084 1198 1162 1254 avo,
1192 1187 1223 1238 et
1243 1185 1367 1258 nepote,

274 1288 306 1338 ct
328 1277 386 1338 sub
405 1275 760 1339 Cantacuaenoiilionrm
784 1278 903 1359 nepotis
923 1287 1041 1354 tutore,
1071 1287 1162 1360 atqua
1184 1277 1369 1357 imperatore

272 1387 373 1458 gestae
388 1376 606 1460 explanantur:
638 1378 701 1456 sic,
722 1388 758 1438 ut
779 1379 897 1460 primus
918 1375 1103 1438 discordiam
1133 1386 1164 1436 et
1180 1373 1261 1436 bella
1287 1375 1369 1434 inter

271 1474 484 1538 Andronims:
518 1475 595 1538 alter
615 1478 779 1561 imperium
799 1479 945 1538 minoris:
983 1479 1091 1538 tertius
1117 1475 1233 1538 bellum
1255 1473 1369 1535 Canta-

270 1577 375 1638 cuteni
414 1591 486 1639 cunt
521 1577 777 1653 obtrectatoribus
806 1589 837 1638 et
859 1579 1010 1640 inimicisr
1038 1587 1209 1660 postremus
1235 1573 1371 1636 eiusdem

270 1675 395 1737 victoris
423 1697 460 1739 ac
489 1677 721 1760 triumphatoris
743 1689 882 1760 tempora
901 1687 1120 1760 persequatur:
1142 1679 1175 1737 in
1199 1695 1261 1758 quo
1278 1676 1370 1736 etiam

270 1774 490 1860 subtacitam,
522 1799 601 1862 quae
614 1781 696 1840 inter
717 1777 863 1840 Ioannem
878 1777 1097 1862 Palaeologum
1119 1777 1288 1860 legitimum
1309 1775 1367 1839 te-

268 1873 395 1956 redem,
427 1888 458 1938 et
470 1879 565 1962 patris
585 1881 631 1940 sui
647 1876 817 1940 Andronici
832 1897 1048 1958 successorem,
1070 1895 1271 1959 socerumque
1286 1874 1369 1936 Cau·

268 1984 469 2057 tacurenum,
499 1988 530 2038 et
553 1977 689 2040 eirudam
710 1977 808 2040 filium
822 1977 1014 2042 Matthaeum
1029 1979 1114 2059 (oum
1134 1975 1246 2059 quibus
1261 1973 1369 2035 umbo-

268 2073 328 2140 bus
341 2075 501 2137 dissidium
516 2079 544 2138 ei
557 2079 747 2157 intercessit)
760 2080 965 2160 contigerunt.
1008 2077 1144 2138 Tametsi
1159 2085 1191 2136 et
1203 2077 1235 2135 iu
1250 2073 1370 2134 duobus

269 2175 424 2256 prioribus
445 2186 510 2236 tam
533 2173 631 2236 multa
651 2175 691 2236 de
719 2175 930 2238 Cantacuzeno
952 2183 1190 2237 commemorata
1212 2183 1304 2251 srmt,
1334 2181 1371 2231 ut

272 2273 356 2355 quod
371 2276 403 2334 in
416 2274 543 2358 epistola
558 2273 647 2336 Nilus
661 2277 716 2356 ait,
736 2295 806 2338 eum
822 2267 1010 2357 αὐτουργὸν,
1021 2273 1081 2334 hoc
1096 2283 1153 2351 est,
1173 2271 1266 2334 rebus
1281 2273 1371 2354 ipsis-

271 2383 337 2435 met
357 2395 481 2457 coram,
519 2386 555 2436 ut
569 2387 725 2457 actorem,
760 2373 903 2458 affuisse,
931 2395 1027 2460 aeque
1041 2373 1081 2435 de
1094 2371 1175 2453 illis,
1208 2383 1245 2434 ut
1259 2367 1298 2434 de
1311 2391 1369 2456 po-

273 2474 451 2536 sterioribus
474 2473 706 2560 intelligendum
728 2475 881 2538 videatur.

356 2577 449 2638 Gesta
472 2587 544 2639 sunt
568 2589 671 2640 autem
692 2580 796 2638 omnia
818 2577 859 2638 ab
882 2597 962 2640 anno
984 2587 1055 2661 post
1076 2575 1234 2639 Christum
1264 2585 1372 2637 natum

272 2675 434 2739 millesimo
447 2681 660 2740 uecenusimo
680 2680 828 2762 vigesimo
842 2681 964 2761 primo,
997 2679 1037 2740 ad
1051 2699 1166 2739 annum
1181 2677 1251 2760 plus
1272 2678 1373 2736 minus

272 2779 559 2861 quinquagesimum
580 2799 716 2859 nouum,
746 2781 834 2841 aunis
855 2777 1001 2840 nimirum
1024 2781 1150 2861 triginta
1170 2797 1299 2854 novem,
1320 2783 1374 2835 aut

273 2875 406 2940 circiter.
453 2877 504 2940 Sic
526 2881 607 2940 eninr
630 2881 780 2940 rationem
800 2879 1009 2941 subducimus.
1060 2875 1192 2939 Michael
1212 2873 1373 2937 Palaeolo-

274 2999 331 3064 gus
356 2975 471 3064 collega
485 2982 582 3062 patris
605 2980 651 3042 sui
668 2979 838 3040 Andronici
862 2989 1003 3040 mortuus
1017 2987 1063 3039 est
1078 2975 1239 3038 millesimo
1254 2987 1373 3036 trecen·

273 3081 383 3142 tesirno
397 3082 544 3165 vigesimo
564 3082 677 3164 primo.
718 3079 838 3142 Eodem
860 3081 927 3162 ipso
942 3097 1023 3140 anno
1047 3079 1082 3159 (si
1097 3097 1116 3136 a
1131 3075 1302 3160 Septembri
1315 3073 1374 3136 du·

275 3203 327 3244 cas
342 3183 414 3243 anni
429 3185 563 3262 initium,
591 3193 627 3244 ut
641 3183 748 3244 Graeci
765 3181 889 3261 ducunt)
904 3180 1021 3242 bellum
1035 3181 1115 3241 inter
1129 3199 1243 3257 avum,
1275 3187 1306 3237 et
1319 3195 1374 3236 ne·

275 3293 380 3364 potem
394 3293 516 3362 exarat,
537 3282 721 3367 duravitque
741 3284 917 3345 sexennium
947 3293 978 3344 et
991 3301 1127 3344 mensem
1154 3299 1272 3356 unum,
1292 3279 1376 3338 utin

278 3381 361 3446 calce
382 3380 453 3444 libri
474 3384 565 3465 primi
587 3382 716 3444 relatum
731 3395 787 3445 est.
828 3383 921 3447 Victo
935 3403 1016 3463 avo,
1037 3401 1132 3463 nepos
1147 3377 1229 3441 solus
1245 3377 1376 3460 praefuit

279 3483 408 3566 imperio
423 3486 509 3545 annis
524 3487 652 3569 viginti,
673 3488 699 3547 si
713 3505 822 3548 verum
844 3485 950 3547 scribit
971 3485 1134 3567 Gregoras.
1178 3481 1249 3558 Quo
1265 3477 1375 3538 evivis

280 3581 421 3662 sublato,
442 3583 630 3667 pupillorum
652 3585 779 3648 tutelam
800 3587 891 3670 gessit
905 3585 1154 3658 Cantacurenus,
1180 3581 1231 3639 vir
1246 3595 1374 3647 annum,

279 3693 316 3744 ut
329 3682 472 3767 colligere
493 3696 560 3747 est:
592 3685 738 3748 adversus
760 3707 852 3770 quem
873 3683 983 3747 deinde
1004 3693 1039 3743 ut
1063 3692 1229 3764 tyrannum
1251 3675 1377 3736 nomine

279 3783 392 3845 viduae
419 3787 640 3868 imperatricis,
676 3800 707 3850 et
737 3787 869 3850 liberum
899 3788 963 3846 eius
984 3781 1100 3844 bellurn
1131 3778 1377 3841 administratum

282 3895 328 3944 est
341 3887 429 3948 annis
443 3890 590 3971 quinque.
620 3889 669 3952 Eo
684 3889 769 3952 linito
782 3891 1022 3963 Cantacuzenus,
1038 3882 1109 3944 data
1124 3880 1231 3942 loanni
1246 3877 1375 3938 Palaeo-

280 3985 352 4072 logo
367 3993 399 4050 in
421 3995 650 4055 matrimonium
672 3993 754 4071 iiiia,
776 3992 880 4052 decem
896 4009 991 4049 annos
1006 3985 1045 4047 ab
1060 4007 1096 4047 eo
1110 3981 1284 4068 paciscitur,
1306 3974 1376 4060 qui·

203 4154 207 4167 ,
282 4087 341 4150 bus
356 4111 448 4174 penes
464 4115 496 4154 se
509 4095 630 4178 imperii
646 4092 825 4178 gubernatio
847 4111 916 4151 curn
931 4089 1055 4149 nomine
1069 4087 1209 4146 dianeat:
1233 4097 1323 4163 penes
1336 4071 1376 4135 il·

285 4187 350 4252 lum
375 4213 487 4256 nornen
523 4194 683 4255 dumtaxat
710 4203 741 4254 et
767 4193 897 4274 dignitas
928 4187 1143 4273 imperatoria,
1173 4183 1270 4245 donec
1292 4179 1375 4238 aetas
