3074 4946
415 351 704 426 ursaourauun
736 365 779 427 ιι.
802 372 854 435 aa
997 421 1002 432 ,,
1096 335 1183 453 379

102 515 245 594 βασιλέως
258 511 546 601 συνηριθμήθησαν
560 517 707 593 οἰκέταις.
742 514 824 593 Χίος
841 519 902 600 μὲν
919 499 978 583 εἰν
997 513 1098 596 οδτως
1119 508 1253 589 αδδ-λα
1264 527 1332 602 1329

102 616 148 687 θις
169 613 290 695 γέγονεν
310 611 374 678 duo*
402 615 587 698 Ῥωμαίοις.
636 613 787 700 βασιλεδς
812 619 848 683 δὲ
873 619 1043 685 Μπενέτον
1066 645 1102 685 τε
1132 623 1182 686 δί-

103 733 183 775 καιον
198 709 314 799 ἔκρινεν
333 713 526 798 οἰμείβεσθαι
545 719 601 802 τῆς
622 711 750 794 advolas
766 717 824 782 καί
842 721 899 804 τῆς
917 719 1102 806 προθυμίας
1125 723 1182 806 τῆς

102 811 141 886 εἰς
160 805 270 895 αἰτδν,
291 811 347 878 καί
369 817 433 880 τῶν
458 815 550 880 Χίων
570 813 647 893 τοδς
667 815 825 894 δυνατοδς
848 816 904 882 καί
925 816 981 883 τὸν
1001 821 1110 904 δῆμον.
1152 821 1195 904 εἰι

85 907 153 994 ὁγὰρ
181 911 233 976 καί
262 916 363 999 μηδὲν
391 917 436 991 εἰς
458 914 510 980 τὸν
537 915 616 1004 πρὸς
646 921 816 1004 Μαρτῑνον
840 917 978 1000 πόλεμον
1000 919 1203 1004 εἰσήνεγκαν·

101 1003 200 1093 αἰτοί,
233 1007 315 1078 ἀλλὰ
336 1023 408 1093 ταῖς
429 1015 570 1100 γνώμαις
584 1011 688 1094 οὕτως
705 1011 789 1102 ἦσαν
805 1019 1113 1106 παρεσκευασμένοι,
1143 1017 1187 1094 εἰς

100 1101 135 1194 ἢν
156 1111 225 1200 δέη,
263 1117 370 1180 πᾶσαν
394 1115 623 1198 ἐπιδειξόμενοι
646 1116 789 1203 σπουδὴν
810 1117 868 1182 καί
891 1121 1077 1203 προθυμίαν
1101 1107 1214 1205 dicipi}

98 1212 250 1292 βασιλέως.
295 1213 345 1280 διδ
367 1214 423 1280 καί
438 1215 622 1283 dardanos
642 1220 704 1301 μὲν
731 1219 787 1284 καί
809 1221 898 1302 γένος
916 1218 956 1284 τοί
972 1244 1006 1284 τε
1025 1219 1059 1284 ἐν
1080 1220 1183 1286 Διδυ-

97 1311 224 1402 μστείχιρ
250 1319 544 1402 προεπηγγελμένα,
577 1313 625 1384 ὅτε
657 1321 734 1406 περῖ
758 1319 845 1385 Χίου
871 1317 982 1406 κρύφα
1010 1316 1183 1402 διειλέχδη,

70 1408 149 1472 toxos*
167 1417 297 1499 προσέτι
324 1418 421 1481 πλείω
453 1418 630 1506 εδηργέτει,
675 1423 732 1484 καί
749 1416 825 1496 τοὺς
852 1411 966 1494 ἄλλους
998 1416 1054 1482 καί
1075 1423 1277 1500 sapsam-187

98 1507 233 1594 ἠμείβετο
260 1517 317 1580 καί
339 1519 494 1603 δωρεαῖς·
514 1516 568 1584 τὸν
602 1521 702 1605 δῆμον
719 1521 756 1586 δὲ
786 1522 850 1586 τῶν
877 1519 1038 1607 δημοσίων
1073 1515 1187 1604 οἰνῆκεν

97 1609 264 1700 εἰσφορῶν,
300 1609 376 1680 δσαι
394 1615 537 1700 μάλιστα
557 1621 691 1698 ἐπίεζεν.

168 1713 219 1796 ui.
261 1716 432 1783 Μπενέτον
452 1719 488 1782 δὲ
509 1717 802 1801 μετακαλεσάμενος
824 1717 879 1786 τόν
896 1717 1066 1806 Μαρτίνου
1088 1713 1215 1786 ἀδελ-Ι)

100 1807 150 1896 pis
169 1807 385 1902 ἀνεμίμνησκε
418 1839 454 1881 τε
472 1807 517 1881 ὧν
541 1816 621 1906 πρὸς
645 1821 824 1898 Βυζάντιον
838 1819 943 1886 ἰλδαίν
960 1823 1019 1884 τοῦ
1041 1819 1186 1905 οἰδελφσίί

73 1908 267 2000 ι5καιηγόρει,
293 1915 344 1993 ἐἰς
365 1916 556 2004 οἰποστεροίη
574 1919 634 2000 μὲν
648 1921 713 1984 edu
735 1915 958 2002 ἑξακισχιλίων
969 1921 1114 2004 χρυσίων
1125 1967 1135 1999 ,
1163 1911 1186 1980 εἰ

1252 1311 1258 1338 λ

96 2107 210 2197 βίνεινς
242 2113 346 2192 αδτδς
373 2118 411 2182 δέ
434 2113 493 2202 τὴν
519 2120 615 2202 νῆσον
637 2121 899 2206 σφετεριζόμενος
919 2119 1106 2204 ἀποστεροίη
1129 2115 1187 2182 τοῦ

95 2213 232 2303 πατρηίσυ
247 2211 379 2302 κλήρου,
401 2241 454 2282 και
478 2241 522 2294 ως
538 2221 638 2283 εδειτο
653 2221 708 2304 τῆς
723 2221 859 2304 δυνατῆς
874 2227 984 2302 τυχεῖν
994 2219 1187 2302 ἐπικουρίας·

93 2299 132 2375 δν
146 2337 179 2377 τε
201 2311 305 2392 αδτδς
326 2319 543 2402 ἐπηγγείλατο,
567 2317 612 2395 εἰς
634 2313 709 2384 ὅσον
730 2312 789 2406 ἤδη
808 2316 972 2404 γενόμενος
987 2321 1022 2384 ἐν
1042 2315 1114 2406 Χίῳ
1130 2318 1282 2401 τῆςιι,ρ33

58 2433 122 2477 ποτε
141 2415 185 2492 εἰς
199 2415 305 2482 αδτὸν
326 2422 381 2484 καί
401 2417 456 2512 τδρ
477 2419 618 2506 ἀδελφὸν
642 2419 768 2496 ιίδικίας
791 2417 997 2506 εἰσπράξεται
1015 2413 1187 2503 Μαρτῖνον

90 2511 181 2591 δίκας.
234 2509 284 2583 ὧν
310 2517 349 2602 dr>
376 2521 435 2586 νῦν
459 2523 563 2596 καλῶς
586 2521 644 2585 καί
669 2520 713 2598 uic
737 2523 893 2608 προσῆκεν
918 2515 1107 2602 ἀποβάντων
1132 2513 1189 2582 καί
1234 2521 1237 2528 ’

89 2613 256 2700 Μαρτίνου
284 2621 369 2682 Χίου
388 2620 615 2705 ἐξεληλαμένον
624 2671 634 2703 ,
666 2620 790 2685 δίκαιον
808 2617 958 2705 ἡγεῖσθαι
978 2611 1133 2692 εἶναιτίς
1151 2637 1187 2679 τε

88 2709 272 2799 &samsima
292 2717 467 2804 ἐκπληροῦν
490 2717 549 2796 τοίς
569 2721 615 2798 εἰς
631 2715 748 2803 adadu,
772 2722 828 2784 καί
843 2721 900 2804 τῆς
914 2718 1039 2795 εὐνοίας
1055 2717 1187 2799 ιίμείγίε-Ι

89 2816 163 2879 odas
183 2811 224 2902 ἧς
242 2813 326 2905 πρὸς
348 2817 487 2885 ἐλθόντα
507 2820 703 2902 ἐνεδείξατο,
723 2817 757 2884 τὸ
778 2816 933 2908 φρούριον
953 2813 1126 2905 παραδσδς.
1148 2805 1188 2879 οὗ

89 3021 181 3074 autin
198 3023 344 3076 ministros
362 3021 423 3074 eius
441 3019 606 3074 domesticos
632 3021 713 3074 relati
730 3029 803 3074 sunt.
841 3019 899 3072 Hac
922 3021 1027 3072 ratione
1046 3017 1132 3072 Chius
1156 3019 1188 3071 in

88 3089 273 3146 Romanorum
299 3095 341 3146 ius
367 3095 591 3164 mancipiumque
609 3093 701 3146 rediit
751 3095 904 3162 Imperator
932 3091 1033 3143 deinde
1053 3099 1081 3142 et
1098 3091 1188 3142 bene·

89 3159 160 3215 dicto
179 3181 231 3234 pro
257 3173 357 3218 navata
385 3163 579 3216 benevolentia
604 3181 635 3216 ac
663 3171 792 3234 prompta
815 3164 974 3224 voluntate,
1003 3167 1031 3213 ct
1052 3159 1188 3213 Chiorum

86 3233 262 3306 principibus
282 3235 442 3358 populoque
459 3237 572 3306 gratiam
585 3235 700 3306 rependi
718 3251 837 3306 aequum
853 3233 994 3286 iudicavit.
1014 3231 1071 3302 Qui
1089 3247 1190 3302 quaru-

86 3319 167 3374 quam
187 3306 224 3358 ad
243 3309 282 3360 be
297 3307 351 3358 lum
372 3315 464 3359 contra
482 3307 632 3359 Martinam
653 3307 726 3358 nibil
744 3305 942 3368 contulissent,
969 3303 1104 3365 taurania
1128 3309 1188 3355 crat

86 3391 180 3428 eorum
199 3393 298 3430 sensus
316 3386 398 3450 atque
417 3377 534 3442 animus,
554 3385 586 3431 ut
604 3381 769 3430 necessitate
785 3376 934 3446 flagitante,
954 3391 1062 3430 omnem
1076 3389 1188 3444 operam

85 3445 120 3498 ad
146 3449 346 3519 imperatorem
370 3459 482 3503 strenue
506 3447 693 3502 adiuvandum
727 3449 854 3500 collaturi
884 3448 996 3500 suerint.
1042 3446 1134 3514 Quare
1160 3451 1189 3497 at

84 3517 268 3572 Caiotbetum
289 3527 317 3572 et
347 3537 431 3591 genus
458 3519 517 3572 eius
542 3530 602 3574 tum
627 3521 682 3584 iis,
708 3537 778 3592 quae
806 3517 879 3588 apud
902 3515 1128 3586 Didymotiehum
1153 3515 1188 3568 da

85 3587 156 3641 Chio
176 3590 352 3644 clandestino
371 3609 464 3645 secum
491 3590 639 3644 disserenti
664 3595 844 3661 promiserat,
873 3598 931 3642 tum
959 3589 1021 3641 aliis
1045 3597 1189 3658 praeterea

83 3659 214 3730 pluribus
235 3673 425 3716 remuneratus
442 3671 499 3716 est:
519 3673 602 3736 atque
621 3662 689 3714 aiios
708 3663 787 3715 donis
807 3668 835 3714 et
850 3658 1002 3713 bonoribus
1022 3661 1115 3726 auxit3
1134 3676 1187 3728 po-

83 3733 184 3802 pulum
202 3749 270 3786 varo
290 3734 459 3786 tributorum
478 3741 576 3798 onerc',
595 3751 649 3805 quo
671 3735 827 3804 gravissime
847 3731 1039 3802 premebatur,
1058 3729 1169 3785 levavit

159 3821 201 3856 aa.
240 3805 409 3858 Accersitum
428 3821 538 3879 quoque
553 3805 731 3857 Benedictum
741 3803 854 3856 Martini
872 3803 984 3854 fratrem
1005 3801 1189 3852 accusationis

85 3871 241 3940 admonet,
269 3893 351 3947 quam
370 3875 396 3928 ei
415 3877 574 3946 Byzantium
593 3876 707 3928 veniens
727 3875 886 3927 intenderat
910 3873 944 3924 de
971 3889 1019 3924 sex
1044 3887 1190 3936 aureorum

84 3943 232 4010 millibus,
252 3961 324 4018 quaa
344 3963 394 4016 pro
418 3957 532 4018 paterna
555 3956 627 3999 sorte
649 3945 683 3998 de
704 3945 824 4018 publicis
847 3943 910 3997 Chii
933 3941 1069 3995 reditibus
1092 3957 1189 4008 capere

84 4012 256 4082 debuisset,
281 4015 316 4069 ab
340 4019 389 4071 illo
418 4027 523 4082 autem,
550 4019 599 4092 qui
621 4017 739 4070 insulam
765 4015 820 4070 sibi
845 4015 1026 4078 vindicasset,
1067 4015 1189 4081 privatus

83 4087 196 4143 suisset.
237 4085 339 4160 thuo
355 4096 435 4162 pacto
458 4089 608 4153 auxilium,
627 4091 651 4141 si
679 4087 753 4160 quod
777 4093 889 4158 posset,
914 4086 1005 4138 afferri
1029 4083 1190 4154 petivisset3

84 4173 158 4228 quae
183 4161 247 4230 ipsc
267 4155 451 4228 promisisset,
478 4175 561 4232 quam
580 4165 673 4212 sev'ere
698 4161 828 4211 nimirum
852 4157 881 4208 in
907 4155 1005 4208 Chiam
1030 4155 1137 4207 delatus
1161 4162 1192 4206 'et

84 4228 193 4282 sibiet
218 4229 262 4282 ilii
286 4231 415 4284 iniuriam
437 4231 543 4284 illatam
561 4232 671 4283 ulturus
694 4231 773 4283 soret
811 4227 894 4300 Quod
916 4227 1046 4306 quioniam
1072 4225 1192 4278 feliciter

83 4307 172 4372 atquo
194 4308 229 4353 ut
246 4314 296 4372 par
318 4309 377 4356 arat
400 4305 523 4360 manetis
540 4310 569 4356 et
582 4301 719 4358 bladinus
738 4301 829 4356 insula
848 4305 958 4354 exactus
976 4299 1192 4363 sit,'cousenta·
