3128 4922
235 707 238 716 ’
350 681 1017 780 ‘tnconrronrnnr

225 865 371 944 VITA
408 866 670 948 lOANNIS
705 866 1173 972 cannncnznm,

449 1050 493 1094 nx
530 1048 705 1096 srnsnnrs
733 1053 937 1112 ntsronta,

605 1199 817 1222 ψ

150 1305 310 1438 loannis,
332 1353 483 1420 biennalis
503 1364 535 1422 et
548 1354 679 1428 allorum
693 1357 986 1446 emnemenomn,
1007 1363 1191 1432 utrimrum
1204 1364 1243 1430 il·

146 1459 292 1524 tussim
329 1465 360 1519 et
379 1454 607 1538 bellicosorum,
631 1460 772 1521 meminit
790 1459 921 1526 Nicetes.
962 1464 1049 1546 Quos
1072 1464 1123 1528 bic
1140 1478 1244 1532 nones

147 1561 379 1624 cammarus
399 1559 434 1618 in
455 1557 621 1620 maioribus
643 1559 705 1622 suis
726 1558 827 1623 habet.
869 1561 978 1647 idem,
1005 1565 1150 1628 loannem
1173 1567 1242 1630 Ma·

146 1658 246 1724 nuelis
281 1659 475 1740 imperatoris
505 1669 650 1743 neptem,
687 1656 781 1721 alium
820 1661 965 1724 loannem
999 1665 1243 1733 Cantacuzenum

152 1760 250 1822 imni
276 1757 390 1842 Angeli
421 1779 556 1820 sororem
587 1761 620 1820 in
650 1753 843 1823 matrimonio
873 1763 1025 1830 habuisse.
1059 1765 1157 1828 Natrrs
1197 1777 1242 1833 est

147 1859 297 1942 Bprantii.
335 1857 464 1920 Panem
494 1881 512 1922 a
532 1859 684 1922 natalibus
707 1861 842 1922 modeste
868 1863 1023 1945 praedicat
1046 1863 1098 1926 lib.
1115 1867 1143 1926 ὅ.
1173 1887 1243 1931 cum

151 1957 248 2036 dicit,
278 1951 313 2018 orl
340 1951 403 2040 γὰρ
432 1957 496 2021 τῶν
524 1958 647 2022 πολλῶν
676 1949 743 2038 εἷς,
772 1980 836 2024 aon
863 1972 933 2022 erat
956 1983 1077 2023 unare
1113 1964 1241 2038 multis,

151 2077 208 2129 een
239 2057 399 2139 rorigeris.-
436 2069 467 2120 et
502 2057 614 2122 nbcsnbi
649 2069 779 2120 matrem
813 2063 899 2120 suam
926 2060 1102 2144 Syrgiannis
1138 2060 1242 2144 appel-

149 2157 192 2222 kt
210 2157 322 2239 θείαν,
342 2171 567 2234 materteram,
589 2179 644 2222 reu
671 2160 822 2234 amitam,
841 2181 897 2222 seu
926 2159 1052 2222 &mum
1077 2177 1242 2243 cognatam

144 2278 233 2320 enam
250 2257 394 2342 (liberius
409 2263 490 2322 enim
505 2260 563 2321 bac
577 2281 653 2324 voce
666 2264 775 2341 utitur,
789 2269 825 2322 ut
839 2258 1048 2342 docebimus„
1064 2283 1156 2344 quarn
1171 2266 1240 2345 qui·
1311 2295 1313 2300 v

142 2358 214 2422 elem
234 2359 380 2422 feminam
392 2381 430 2422 ex
443 2359 523 2422 libro
537 2362 650 2443 primo,
672 2360 757 2421 haud
776 2359 866 2442 longe
886 2359 926 2420 ab
950 2362 1050 2439 initio,
1072 2363 1148 2423 seire
1170 2360 1240 2434 licet

142 2458 182 2521 nd
204 2459 406 2542 imperatores
423 2482 517 2544 gnus
540 2460 689 2524 retulisse.
743 2459 827 2522 Puer
848 2460 948 2524 adhue
972 2471 1091 2542 patrem
1115 2464 1236 2526 nmisits

142 2561 195 2642 qni
218 2580 301 2622 enno
323 2563 431 2624 aetatis
453 2563 554 2644 primo
581 2581 674 2643 supra
696 2563 895 2640 vicesimum,
923 2560 1133 2643 praefecturae
1166 2583 1239 2624 snae

141 2658 418 2743 Peloponnesiacae
440 2671 561 2740 octavo,
591 2663 624 2722 in
648 2661 754 2722 eadem
776 2659 936 2744 peninsula
958 2660 1095 2728 decessit.
1139 2662 1239 2722 Mater

143 2758 225 2822 (licta
248 2773 295 2822 est
316 2761 500 2826 Theodora:
532 2763 618 2827 euius
639 2760 808 2824 avunculus
829 2781 978 2844 magnus,
1002 2761 1122 2841 idest,
1152 2763 1239 2824 aviae

141 2870 298 2924 maternae
311 2863 427 2942 stater,
457 2861 590 2926 lllrehnel
610 2865 727 2946 primus
743 2861 943 2943 Palaeologus
957 2861 1134 2942 imperator.
1175 2860 1238 2922 lta-

141 2983 201 3044 que
222 2961 331 3024 eadem
363 2963 521 3026 Michaelis
550 2983 660 3044 soror,
697 2973 729 3022 et
754 2961 956 3022 Cantacuzeni
975 2961 1114 3040 proavia.
1164 2957 1239 3020 Fuit

140 3061 305 3124 Theodoro
327 3062 438 3124 mulier
460 3061 640 3145 prudentiae
658 3062 803 3138 maioris,
826 3079 918 3141 quam
940 3080 998 3140 pro
1022 3069 1113 3140 coptu
1136 3078 1236 3138 serus,

141 3171 172 3222 st
192 3163 370 3224 mutationi
382 3185 486 3226 remen
502 3163 642 3246 gravium
673 3172 764 3242 utque
784 3177 964 3242 magnarum
988 3157 1117 3238 idonea,
1142 3179 1238 3241 quam

141 3261 294 3344 Gregora's
313 3273 394 3326 recte
416 3261 464 3324 his
486 3261 589 3328 verbis
612 3259 777 3322 celebravit
798 3259 853 3322 lib.
875 3280 923 3322 tt.
970 3259 1074 3341 Quam
1092 3259 1236 3320 arsestri·

140 3379 209 3423 tem
236 3364 363 3442 ramagi
393 3363 569 3448 imperator
595 3361 791 3444 reliquerat,
828 3360 988 3422 senatorio
1010 3371 1155 3428 matrona
1163 3401 1177 3432 ,
1205 3368 1237 3420 et

140 3461 296 3539 gravitate
313 3483 436 3525 morum
458 3463 650 3546 conspicua,
682 3460 887 3540 coniugatam·
906 3456 1081 3543 prudentia
1107 3469 1237 3530 ornata,

143 3579 180 3624 ao
197 3560 232 3621 in
255 3562 347 3627 rebus
372 3562 479 3626 dubiis
497 3562 660 3648 praesenti
676 3560 810 3626 consilio
839 3561 1004 3621 instructa.
1056 3559 1132 3620 Eius
1155 3554 1236 3618 indi-

143 3661 287 3740 gnissima
309 3664 428 3724 vexatio
449 3674 575 3745 propter
596 3661 714 3741 lilium,
749 3671 779 3720 et
801 3681 884 3730 rnors
906 3657 1111 3742 lacrymabilis
1133 3656 1188 3719 lib.
1201 3657 1236 3721 5.

143 3777 213 3840 cap.
228 3781 280 3821 aa.
298 3759 350 3822 26.
368 3761 420 3824 36.
445 3766 616 3846 exponitur.
674 3760 839 3843 Nicephori
860 3760 1083 3836 Cantacuzeni‚
1114 3768 1145 3818 et
1166 3757 1235 3816 Ma·

142 3857 241 3920 nuelis
263 3861 507 3942 Toronaeum,
536 3863 618 3924 illius
639 3860 807 3946 patruelis,
842 3859 933 3922 huius
955 3859 1151 3935 consobrini,
1183 3865 1238 3918 ant

142 3977 180 4028 ex
200 3979 305 4022 sorore
324 3965 443 4044 nepotis
463 3963 520 4024 lib.
536 3983 567 4026 a.
583 3983 653 4045 cap.
670 3959 700 4028 8.
714 3962 864 4022 meminit.
913 3961 1060 4021 loannem
1081 3953 1237 4040 Angelum

141 4049 334 4144 Ζξᾶἅελφον,
364 4071 395 4122 ct
416 4051 550 4140 ἀνεψιὸν
569 4061 707 4124 similiter
729 4059 882 4144 appellat,
910 4071 942 4122 et
963 4079 999 4120 ex
1014 4056 1120 4120 eadem
1134 4055 1239 4122 radiae

142 4155 292 4240 pmtliisse'
304 4159 421 4226 scribit
470 4160 587 4226 Mentio
602 4171 704 4235 anoern
716 4163 830 4228 mmsis
844 4171 891 4231 est
903 4155 957 4226 lib.
971 4159 1003 4230 3.
1015 4177 1084 4245 esp.
1099 4155 1152 4222 αδ.
