3074 4934
307 261 317 274 '
341 263 426 350 διο
748 287 1029 356 communem

340 447 403 500 eina
410 442 685 516 principe,filtarum
693 443 785 498 altera
796 448 825 500 es'
836 444 984 519 desponsa,
995 445 1153 502 dimittitur.
1172 449 1318 516 Quaenam
1331 462 1360 504 et
1370 469 1436 524 aaa·

340 517 377 570 lis
388 517 440 569 illa
455 515 664 586 mulierfuerit,
675 520 833 585 exponitur.
856 518 920 571 Duo
932 517 1015 574 duces
1033 520 1065 571 in
1074 521 1267 574 Acarnaniam
1278 537 1339 574 cum
1349 526 1436 592 copiis

340 588 501 650 mittuntur,
516 585 669 655 imperator
678 589 807 658 sequitur
815 600 844 640 et
856 589 898 640 ibi
904 589 963 642 eius
978 587 1114 661 acta(bb)
1144 591 1264 644 Anaeas
1273 590 1436 646 massanus

341 670 372 712 ut
382 657 559 728 praefractas
568 655 764 725 reprehendit.-
775 669 911 729 quantum
926 657 1024 712 danna·
1023 659 1162 733 fecerint,
1174 659 1314 729 ostendit‚·
1331 665 1437 734 mavia

341 731 529 781 comminatur
540 725 618 796 (³5).·
645 726 877 796 magianum
894 746 988 782 eorum
1001 730 1185 784 contumelias
1204 729 1338 805 defendit
1378 738 1436 801 Quo

342 801 405 852 iure
414 798 581 851 Acarssania
591 797 777 850 Romanarum
787 800 835 860 sit,
854 796 1066 854 demonstratur.
1088 804 1190 854 Artaci
1200 820 1230 855 se
1245 800 1359 856 dedant.
1386 805 1436 856 lm·

340 857 958 942 peratoretmilitesmarboaffliguntur(36).
990 872 1260 925 Tbamocastriorum
1274 873 1395 936 obsidia,
1412 887 1437 927 et

339 955 434 991 earum
445 935 574 1008 superbia
583 949 667 1008 atque
677 941 861 992 contumacia.
880 939 925 994 Ad
934 938 1103 994 deditionem
1113 961 1160 995 eos
1169 939 1335 996 domesticus
1341 944 1438 998 cobar·

339 1020 420 1060 tatur
436 1021 465 1060 et
486 1025 519 1061 eo
539 1023 622 1079 scopo
637 1025 697 1060 cum
707 1007 872 1079 paedagogo
892 1029 1003 1082 quoqne
1015 1013 1156 1084 principis
1164 1014 1249 1084 pueri
1258 1052 1265 1078 ,
1285 1017 1352 1067 viro
1368 1033 1436 1084 pru-

339 1077 422 1130 dente
442 1077 586 1141 acnobili,
606 1079 675 1147 agit.
711 1076 757 1129 Ad
769 1079 921 1133 concilium
935 1100 979 1136 res
992 1081 1121 1155 refertur.
1139 1083 1255 1137 Deditio
1268 1081 1435 1138 decernitur.

339 1144 511 1200 laudantur
525 1165 542 1198 a
555 1165 599 1199 ma
621 1165 657 1200 no
673 1146 893 1220 domestica(37).
930 1153 970 1206 Ab
981 1155 1149 1224 imperatore
1162 1151 1319 1224 honorilice
1330 1157 1435 1227 accipi-

339 1229 437 1272 untur.
474 1220 576 1286 Magni
590 1165 824 1302 domesticifilius
840 1221 1003 1275 Matthaeus
1019 1223 1236 1278 Thessalonicae
1247 1227 1385 1278 Demetrii
1391 1226 1436 1279 de·

336 1301 433 1360 spatae
442 1286 542 1358 filiam
551 1305 664 1341 uxorem
677 1285 774 1345 duest:
790 1292 976 1361 Apocatsclsus
989 1294 1173 1347 monachismi
1183 1295 1339 1369 profitendi
1339 1299 1437 1368 jocul-

337 1371 421 1411 tatem
438 1369 535 1428 ragat:
560 1358 621 1411 eius
634 1359 769 1416 uoluntas
782 1363 958 1433 exploratur·
997 1366 1117 1418 Classem
1133 1379 1234 1418 contra
1251 1368 1351 1420 Persas
1361 1369 1438 1438 pira-

335 1442 381 1480 tas
394 1427 473 1498 petit.
508 1427 577 1486 Esse
597 1431 732 1499 ignauum
754 1443 783 1483 et
798 1433 950 1502 improbum
966 1434 1122 1502 bominem,
1150 1439 1302 1509 imperator
1312 1437 1439 1491 domesti-

337 1515 398 1552 cum
412 1509 515 1550 monet.
551 1499 646 1556 Datim
664 1501 918 1572 classiss·apparet
941 1506 1003 1559 eius
1014 1506 1102 1576 finus
1120 1519 1148 1561 et
1164 1507 1317 1563 calliditas.
1357 1511 1438 1563 Urbes

337 1579 365 1622 et
382 1568 516 1629 castella,
560 1585 613 1621 uae
629 1571 735 1638 partim
746 1576 951 1637 construxerit,
970 1577 1075 1646 partim
1090 1570 1437 1650 inseaaraiiainperasar.
1482 1638 1486 1647 Ι

336 1585 591 1707 recensentur(38).
629 1641 798 1697 Barlaamus
823 1643 977 1697 monachus
1003 1647 1125 1700 Calaber
1144 1648 1242 1700 turbas
1260 1649 1439 1702 inassatam·-

338 1725 388 1760 cae
406 1705 464 1760 dat.
502 1709 635 1777 Gregorii
649 1710 784 1763 Palemas
809 1726 837 1765 et
844 1714 974 1784 fiatnem
991 1719 1051 1770 eius
1076 1719 1178 1774 virtus.
1213 1721 1350 1774 unnens-
1368 1725 1436 1776 Bar

336 1779 464 1837 laamas,
489 1794 524 1830 ne
551 1779 750 1832 manachorum
765 1782 925 1835 institutum
942 1789 1080 1841 convitiis
1103 1788 1221 1844 laceret.
1255 1791 1298 1843 De
1321 1791 1436 1852 lumine,

336 1844 416 1922 quod
433 1846 591 1917 aliquando
605 1861 718 1904 sanctos
737 1851 818 1904 viras
834 1854 1042 1925 circumfundit
1079 1857 1147 1911 Item
1165 1857 1319 1914 delumine
1336 1862 1440 1915 Cbristi

336 1915 539 1988 transfigurati
557 1919 589 1970 in
603 1933 694 1974 monte
714 1920 840 1986 litabar,
860 1941 919 1977 cum
936 1929 1028 1982 oculis
1045 1931 1189 2000 corporeis
1203 1944 1378 2000 conspectum
1394 1935 1437 1993 sit,

337 2003 378 2040 an
393 1988 550 2040 increatum
557 1986 663 2059 suerit.
699 1991 867 2046 Barlaamus
884 2008 989 2066 negat,
1008 2011 1035 2052 et
1055 1999 1122 2052 benc
1139 2001 1324 2072 quidem(39).
1364 2005 1438 2058 can-

337 2069 385 2110 tra
400 2073 461 2114 eum
478 2055 611 2125 Synadus
622 2061 750 2129 cogitur,
775 2065 823 2116 cui
834 2065 993 2135 respondet.
1029 2071 1115 2124 Canit
1124 2071 1302 2140 palinodiam
1315 2075 1438 2127 Bas-iea-

336 2145 418 2188 mus,
437 2127 486 2178 cui
498 2129 607 2197 petenti
620 2130 708 2183 venia
728 2130 830 2187 datur:
853 2147 880 2188 et
899 2135 987 2189 datur
1003 2154 1064 2190 cuns
1080 2141 1292 2210 significatione
1310 2145 1438 2197 caritatis

336 2196 460 2280 egregia.
496 2198 596 2252 Novas
617 2199 715 2252 turbas
737 2205 794 2256 ciet
819 2206 880 2257 eius
903 2205 1062 2278 discipulus
1080 2213 1233 2298 Gregorius
1252 2214 1436 2282 Acindynus,

336 2266 745 2406 ttt“li2225t”tltttt⁶it
758 2269 1439 2422 itit-2323?,itffitttettlita‘ftffi

336 2419 364 2460 et
382 2417 414 2457 uc
430 2405 521 2475 filium
538 2425 571 2461 eo
591 2407 722 2477 inducam,-
741 2425 853 2466 matrem
870 2435 980 2490 quaque
995 2431 1097 2475 tentat.-
1114 2421 1165 2476 sed
1181 2425 1217 2477 ab
1235 2425 1364 2496 utrisque
1373 2427 1438 2479 mii-

336 2477 420 2528 citur.
457 2477 550 2530 Sermo
565 2475 713 2534 domestici
726 2497 787 2535 cum
805 2487 887 2538 Anna
901 2487 1088 2558 imperatrice,
1107 2507 1134 2546 et
1148 2495 1329 2564 imperatoris
1343 2515 1379 2550 ex
1388 2495 1439 2549 bac

336 2546 399 2598 luce
414 2547 635 2619 emigratioibo).
674 2551 844 2622 Singularia
870 2569 897 2610 et
924 2559 1054 2628 inprimis
1082 2563 1224 2616 notabilia
1243 2567 1275 2618 in
1296 2565 1351 2620 lsoc
1366 2567 1437 2620 libra

335 2627 402 2668 sunt
427 2613 512 2669 baec:
538 2621 665 2691 exempla
689 2625 821 2676 caritatis
836 2643 872 2679 ac
886 2631 990 2682 veniae
1010 2634 1042 2684 in
1060 2635 1208 2698 inimicos,
1239 2638 1342 2708 qualia
1365 2638 1436 2690 libro

333 2687 426 2758 primo
445 2688 476 2737 in
488 2693 624 2756 pecuaria
640 2691 794 2762 Syrmpana
815 2707 842 2749 et
858 2697 1026 2770 imperatore
1043 2705 1157 2758 iuniore
1172 2705 1309 2759 adversus
1326 2707 1437 2779 panisp-

320 2755 521 2826 x'persebastum
537 2761 661 2834 mirifica
679 2761 735 2815 duo
754 2764 878 2820 vidimus
887 2808 898 2832 ,
922 2784 950 2824 et
971 2789 1081 2826 rursum
1104 2776 1178 2830 libro
1198 2777 1282 2829 tertio
1300 2777 1437 2852 qssnedam

336 2825 440 2880 eximia
451 2828 624 2898 videbimusp
650 2844 691 2886 tot
708 2835 856 2888 Persarum
872 2841 1055 2914 irruptiones,
1074 2843 1175 2918 quibas
1190 2865 1235 2900 res
1247 2865 1356 2919 semper
1368 2851 1436 2901 male
1535 2902 1536 2911 ,

336 2899 440 2964 cessitp
466 2901 630 2972 testificatio
657 2905 784 2958 crebrior
812 2921 841 2961 et
863 2909 1054 2980 lvapyeaedaq
1085 2919 1189 2970 amoris
1208 2919 1436 2988 incomparabilis

337 2968 414 3019 inter
427 2969 621 3039 imperatorem
636 2986 663 3026 et
677 2991 806 3045 magnum
826 2976 1024 3050 domesticump
1049 2987 1227 3058 imperatoris
1245 2991 1358 3042 morbus
1375 3009 1437 3062 gra·
1535 3024 1536 3029 =

337 3036 468 3091 missimus
484 3052 512 3093 et
528 3039 631 3096 divina
642 3061 696 3114 per
703 3045 857 3118 Det'param
872 3057 1005 3121 saseatio,·
1021 3057 1192 3122 Syraiannis
1203 3059 1377 3122 coniuratio,
1395 3065 1436 3115 iu·
1535 3050 1536 3073 ¹

338 3105 455 3170 dicium,
473 3110 651 3181 trucidatiof
681 3115 776 3179 Citius,
797 3118 911 3184 lesbus,
929 3127 1097 3179 Acarnania
1114 3143 1296 3200 recuperatae
1303 3151 1316 3196 ,·
1342 3149 1434 3183 mona·

339 3175 437 3230 cbismi
450 3181 629 3249 praeclarum
652 3185 805 3257 aliquoties
819 3195 991 3257 encomium,
1018 3209 1048 3248 ut
1065 3200 1150 3252 etiam
1166 3201 1295 3271 scopein
1311 3204 1398 3256 tertia
1411 3213 1435 3255 et

336 3259 441 3317 quarto
451 3251 624 3318 potissimum
629 3273 641 3322 ,·
658 3261 801 3312 contentia
811 3262 960 3316 barlaami
972 3282 1034 3320 cum
1047 3268 1193 3324 monacbis
1210 3273 1331 3328 Graecis
1346 3286 1374 3330 et
1385 3273 1434 3346 sy·
1535 3334 1536 3343 ἵ

336 3315 410 3370 nodi
420 3315 512 3392 duaep
530 3323 710 3410 imperatoris
728 3347 743 3383 e
758 3329 820 3383 vita
836 3329 982 3395 discessus.

741 3476 1039 3502 ΜΝ

188 3655 257 3724 Μ·
270 3657 337 3718 ¹³2⁸
419 3661 452 3730 d.
488 3617 559 3726 *A
581 3673 644 3755 peis
671 3665 730 3741 abs
757 3679 938 3762 πολεμοῦσί
954 3705 989 3749 τε
1010 3683 1156 3772 ἀλλήλοις
1176 3692 1244 3764 τοῖς
1268 3687 1430 3770 canusia

247 3761 274 3814 P·
283 3757 394 3831 totana*
410 3765 531 3848 μεταξύ
553 3773 827 3860 διαλλαττομένοις
847 3783 998 3868 ἐπράχθη
1019 3789 1091 3867 μετ’
1112 3785 1276 3872 ἀλλήλων,
1299 3781 1427 3851 τοιαῦτά

238 3863 271 3928 V.
282 3869 329 3924 155
337 3860 414 3926 laet·
430 3863 487 3930 aba
503 3867 540 3932 bb
559 3861 647 3936 εἶναι’
657 3899 714 3955 μοι
729 3877 819 3942 δοκεῖ
832 3881 942 3946 λοιπὸν
958 3882 1222 3969 διηγητέονκαίἃ
1238 3887 1283 3974 τῷ
1294 3889 1353 3974 νέῳ
1362 3883 1429 3996 ’Ap-

392 4119 416 4174 s,
440 4029 557 4190 'Quae
582 4107 617 4162 ab
644 4113 857 4184 imperatoribus
879 4119 955 4174 bello
981 4127 1078 4176 mutua
1105 4137 1175 4192 poce
1214 4123 1423 4192 eredinugnu

336 4180 497 4260 postponat,
523 4179 736 4265 explanavimus.
775 4186 907 4260 Sequitur
925 4197 957 4244 ut
975 4210 1046 4264 qnae
1063 4195 1158 4247 iunior
1200 4194 1362 4253 adraanus,
1386 4199 1422 4241 ¹⁰·

334 4243 390 4304 tius
408 4259 462 4298 sam
489 4255 719 4326 petenssmperii
743 4265 1051 4333 nursiamcasam,
1076 4281 1240 4320 enarremus.
1276 4266 1329 4320 Dic
1346 4262 1420 4314 allen
