3114 4930
450 351 732 422 nrsronntttmt
763 357 787 416 ι.
819 356 895 428 to..
1169 351 1220 436 77

135 511 215 576 scm
230 507 288 576 ἕπτ’
303 508 358 594 τῆς
370 505 457 592 διἰτης
473 509 617 574 ἐνταῦθα
635 505 823 591 ἐτελεύτησε
846 503 922 568 terat
937 505 971 570 δὲ
989 497 1120 591 ὕστερον
1138 503 1285 588 ἦμέ-Μλ
1300 519 1365 574 tiss

136 633 209 694 ραις
234 605 314 691 μετὰ
343 609 435 672 τοῦτο
462 606 482 670 δ
508 607 718 692 πρεσβύτερος
748 609 810 671 τῶν
838 606 994 703 garritus
1020 607 1064 692 τῷ
1094 601 1220 690 μεγάλῳ

136 708 190 774 διά
209 731 292 782 τινος
300 707 394 790 δηλοῖ
412 705 581 794 δομεστιλιιρ
599 703 678 790 πρὸς
697 701 938 786 Πελοπόννησον
958 696 1115 780 ἀπελθεῖν,
1140 702 1222 768 trel-

134 831 190 892 νιγς
205 803 485 892 ἐπιτροπεύσοντα.
504 803 540 870 τὸ
555 807 585 869 δ’
598 799 700 881 εδδδς
721 800 823 868 ἐδόκει
842 804 902 884 μὲν
920 796 1080 868 εἶναιτῶν
1097 795 1225 888 ἄριστε-

115 901 200 991 5ροδν
222 905 359 969 οἷωνὸν·
376 897 460 980 ὅπως
475 905 505 968 δ’
525 895 675 989 tironem*
690 905 824 988 γένηται,
842 903 898 967 κατ’
909 905 1038 986 βασιλεῖ
1047 901 1092 986 τῷ
1103 902 1161 987 νέῳ
1182 895 1221 964 roi

131 1007 190 1088 τῆς
205 999 353 1086 α’γγελιας
373 1003 453 1086 δῆλα
471 1003 639 1085 γενέσθαι,
671 993 864 1084 δντεμὴνυσε
890 997 945 1064 καὶ
968 992 1062 1074 αι’πδς
1079 1001 1222 1064 τοιαῦτα·

130 1105 211 1186 ,τῆς
233 1102 280 1178 εἰς
311 1099 368 1182 ἐμὲ
392 1093 554 1183 εὐμενείας
575 1099 631 1167 καὶ
652 1091 905 1188 reponendae&
929 1099 1072 1181 βασιλεῦ,
1104 1095 1221 1171 πολλὰς

129 1203 190 1283 μὲν
211 1195 269 1264 καῖ
283 1190 382 1275 ἄλλας
397 1197 462 1284 ἔχοι
488 1198 545 1278 τὰς
563 1199 757 1282 ἀποδείξεις,
777 1195 916 1280 μάλιστα
931 1199 967 1262 δὲ
981 1195 1016 1262 τδ
1037 1195 1220 1282 eitraha,

115 1295 173 1376 ’ὥς
188 1299 307 1381 εἰπεῖν,
328 1295 454 1384 πρώτης
467 1300 511 1376 εἰς
528 1291 632 1386 ἆρχὰς
643 1299 826 1382 ἐκλέγεσθαι
840 1296 896 1364 καὶ
910 1297 1077 1382 διοικήσεις
1097 1298 1221 1380 ἐπιτρέ-

94 1417 199 1462 ιοπειν
214 1395 338 1462 notros
353 1422 388 1461 τε
403 1395 458 1463 καὶ
473 1400 646 1483 στρατιῶν,
667 1395 792 1462 οἴκοθεν
810 1393 1004 1483 ὡρμημένον·
1025 1392 1081 1461 καί
1094 1393 1129 1460 ri
1154 1397 1209 1460 νῦν
1217 1406 1245 1460 Ρ.
1259 1405 1289 1461 5s

127 1498 163 1561 δὲ
180 1497 282 1562 τοῦτο
301 1495 419 1572 πολλὰς
432 1496 475 1586 τῷ
495 1499 541 1584 σῷ
560 1496 668 1584 κράτει
687 1496 792 1561 πείθει
803 1493 948 1583 χάριτας,
959 1495 1139 1580 ὁμολογεῖν,
1158 1498 1221 1577 βα-

125 1595 227 1660 σιλεῦ.
249 1596 363 1678 δέομαι
376 1591 415 1682 δὴ
433 1599 488 1660 καῖ
502 1593 619 1681 ταύτην
634 1597 793 1661 ε’πιδιῖναι
808 1592 864 1681 τὴν
888 1590 1005 1681 χάριν,
1026 1594 1083 1680 τὴν
1099 1595 1221 1680 παροδ-

125 1718 187 1760 σαν
209 1697 383 1780 ἐπιτρέψαι
405 1691 487 1782 πρὸς
505 1690 672 1786 διάσκεψιν
693 1695 826 1780 ἡμέραν,
851 1689 895 1771 ὥς
916 1697 950 1771 ἐς
972 1694 1029 1779 τὴν
1049 1693 1220 1781 δστεραδαν

125 1793 334 1876 ἔπιτὲταγμαι
346 1792 403 1880 τήν
418 1793 587 1878 α’πολογῖαν
604 1795 825 1860 mutuarum
838 1789 918 1880 πρὸς
934 1796 994 1875 μὲν
1013 1791 1054 1880 δὴ
1074 1791 1129 1861 τόν
1141 1817 1218 1880 πρε-

93 1891 284 1978 rocconem
293 1893 358 1958 saie
374 1895 532 1976 βασιλέων
542 1892 732 1980 ἀπεκρίνατο
747 1888 923 1981 τοιαῦταῇ
937 1894 972 1957 δὲ
983 1892 1109 1975 τάχους,
1122 1892 1220 1956 ἀπελ-

122 1989 194 2058 eutr
221 1989 304 2078 πρὸς
329 1989 387 2057 τδν
409 1995 502 2074 νέον,
522 1989 559 2058 τδ
584 1995 642 2057 τοῦ
663 1993 819 2076 βασιλέως
842 1992 1001 2074 ἐπίταγμα
1026 1985 1218 2074 ἀναγγέλλει,

122 2092 180 2157 κατ’
202 2093 390 2176 Σνναδηνοδ
414 2090 573 2179 παρόντος
591 2093 647 2158 τοῦ
670 2089 962 2178 πραποστρδτορος.
982 2097 1047 2166 τοῖς
1068 2091 1099 2153 δ’
1116 2088 1218 2154 ἐδόκει

121 2192 298 2273 βουλευτέα
319 2189 416 2258 πάλιν
434 2192 468 2270 ἐξ
492 2189 594 2277 ἀρχῆς
613 2185 697 2258 εἶναι
723 2189 797 2274 περὶ
817 2193 881 2256 τῶν
905 2185 986 2256 ὅλων
1005 2187 1211 2275 πραγμάτων·

121 2285 198 2354 otte
222 2288 285 2376 γὰρ
308 2287 390 2373 πρὸς
411 2293 468 2356 ἕνα
498 2293 609 2377 φέρειν
632 2287 688 2356 τὸν
712 2289 875 2371 κίνδυνον,
911 2285 991 2374 πρὸς
1016 2287 1133 2362 πάντας
1161 2289 1216 2352 δέ.

83 2382 205 2474 nocicla
227 2389 264 2452 δὲ
283 2385 301 2453 δ
319 2388 468 2472 βασιλεὺς
486 2394 540 2474 τῆς
555 2393 671 2474 βουλῆς
689 2384 774 2454 οὕτω
791 2390 981 2472 διαλεχθείς·
1001 2385 1116 2470 „osiroi
1128 2381 1239 2471 μδρ-Β

120 2509 217 2573 τυρες
244 2484 337 2573 ἡμεῖς
352 2487 589 2574 καθεστήκαμεν
610 2483 747 2572 ἑαυτοῖς,
768 2485 893 2572 ἔχοντες
915 2485 974 2552 eac*
993 2483 1081 2567 θεὸν,
1103 2485 1157 2569 ἐφ’
1171 2477 1219 2561 οἷς

119 2585 371 2668 βεβουλεύμεθα,
392 2583 576 2669 συνειδότα,
597 2583 641 2664 ὥς
663 2581 736 2652 οὔδ’
761 2587 948 2671 ἡττηθέντες
968 2585 1065 2675 λύπῃ,
1087 2576 1154 2648 οὔτ’
1172 2581 1218 2646 εἴ-

120 2689 233 2763 ξαντες
248 2685 370 2774 &caritot
381 2685 496 2772 θράσει
510 2685 567 2752 κατ’
573 2684 754 2775 παραβόλῳ,
775 2677 842 2752 οὔτ’
855 2683 1036 2772 ἐπρδξαμεν
1051 2675 1218 2762 οὔτ’ἐβου-

195 2789 236 2856 ιδ.
259 2787 329 2859 Lege
347 2778 389 2842 δν
409 2789 615 2861 δπιτέταγμαι,
634 2795 667 2842 nt
693 2804 788 2843 sensus
806 2789 866 2842 ioco
889 2796 1019 2846 constet„
1055 2786 1093 2840 15.
1111 2784 1216 2855 ια’χουτ

192 2862 316 2924 correxi,
337 2877 398 2912 cum
415 2862 496 2932 vulgo
515 2870 587 2914 esset
604 2861 700 2930 τάχος.

118 2945 228 3006 libavit.
265 2945 303 2998 Ac
322 2947 514 3017 imperatorum
532 2948 644 3070 guidem
668 2948 703 3000 iis
728 2953 756 2999 et
772 2945 955 3000 controversia
974 2947 1003 2998 in
1020 2945 1123 2998 iudicio
1141 2944 1217 2998 hunc

118 3018 202 3068 finem
223 3017 297 3070 tulit.
334 3018 429 3070 Tertio
450 3026 514 3087 post
552 3019 577 3070 ie
595 3018 687 3070 senior
705 3033 802 3088 magno
819 3016 969 3068 domestico
984 3033 1034 3085 per
1044 3025 1149 3068 certum
1161 3013 1217 3066 ho-

120 3090 226 3140 minem
251 3086 379 3150 mandat,
405 3097 437 3142 ut
453 3091 484 3140 in
509 3089 745 3158 Peloponnesum,
766 3087 793 3137 ei
818 3087 1000 3156 praefuturus,
1019 3085 1159 3139 discedat:
1185 3085 1217 3138 ta

119 3157 195 3228 quod
214 3159 306 3211 statim
324 3175 374 3230 pro
393 3160 504 3212 sinistro
525 3159 637 3229 augurio
655 3157 716 3210 suit.
759 3155 813 3208 Sed
834 3173 888 3226 quo
910 3173 952 3208 res
970 3156 1104 3226 tantisper
1124 3163 1216 3208 catra-

117 3224 250 3290 ireretur,
278 3228 344 3281 dnm
363 3245 444 3299 super
460 3229 514 3282 hoc
531 3229 659 3282 mandato
677 3243 762 3297 nepos
782 3229 882 3279 certior
899 3227 996 3289 fieret,
1018 3225 1086 3278 haec
1104 3226 1148 3279 illi
1165 3243 1216 3297 per

117 3299 322 3350 internuntium
341 3300 495 3369 respondit:
515 3302 574 3353 cius
587 3315 649 3368 erga
661 3315 690 3350 se
701 3297 912 3350 benevolentiae
928 3313 1063 3369 curaeque
1081 3313 1141 3350 cum
1160 3298 1216 3350 aiis

117 3385 175 3420 non
194 3369 268 3421 levia
286 3378 443 3440 arguments
463 3371 583 3440 proicere
601 3386 699 3438 posse,
730 3375 788 3420 tuns
813 3369 884 3420 iliud
905 3367 1047 3438 inprimis,
1072 3367 1147 3438 quod
1170 3367 1216 3420 ul-

117 3446 161 3492 tro
181 3448 209 3491 et
229 3455 279 3491 sna
297 3448 395 3510 sponte
413 3439 466 3494 sibi
485 3456 574 3509 paene
592 3439 681 3492 adhuc
697 3455 783 3510 puero
801 3441 972 3508 magistratus
996 3437 1126 3502 dedisset,
1145 3439 1214 3490 ciri-

117 3516 189 3562 tates
210 3517 239 3562 et
257 3511 392 3564 exercitus
408 3510 540 3580 regendos
559 3509 745 3564 commisisset.
788 3511 822 3562 Et
840 3509 892 3562 hoc
910 3511 1014 3580 ipsum,
1036 3509 1111 3582 quod
1129 3507 1212 3561 modo

116 3579 281 3650 imperaret,
309 3581 343 3634 ad
361 3581 512 3650 singulares
540 3580 626 3650 ipsios
649 3580 786 3632 maiestati
811 3581 910 3650 gratias
931 3577 1047 3662 agendas
1072 3580 1213 3632 stimulum

116 3649 171 3700 sibi
191 3649 303 3702 addere.
347 3653 449 3722 Rogare
468 3659 574 3716 nutem,
593 3649 664 3704 hanc
681 3667 762 3702 unam
784 3651 896 3719 gratiam
914 3649 1062 3712 adiiceret,
1079 3666 1212 3720 praesen-

114 3725 171 3772 tent
190 3720 266 3773 diem
288 3718 323 3773 ad
341 3719 548 3774 deliberandum
566 3721 619 3773 sibi
636 3720 813 3774 concederet:
833 3722 951 3773 crastina
969 3720 1030 3772 luce
1047 3720 1081 3773 tic
1097 3717 1213 3772 manda=

115 3789 151 3840 tis
171 3807 373 3860 responsurum.
394 3792 468 3844 Haec
487 3791 521 3843 οδ
540 3808 626 3843 avum.
645 3789 685 3843 Aa
705 3799 833 3862 nepotem
852 3806 916 3844 vero
934 3789 994 3841 sine
1013 3806 1088 3842 mora
1105 3789 1211 3853 abiens,

116 3868 263 3928 praesente
284 3861 366 3912 etiam
389 3870 600 3930 protostratore,
627 3859 695 3932 quid
715 3862 744 3912 in
769 3859 904 3912 mandatis
929 3861 1081 3928 acceperit,
1107 3865 1211 3916 narret.
1256 3893 1262 3906 ·
1319 3899 1332 3917 ,

116 3929 187 3980 Turn
207 3947 265 3982 retn
285 3946 301 3982 a
319 3948 350 3984 ca
371 3932 409 3984 ito
427 3931 628 4004 arcessendam,
650 3939 678 3983 ct
699 3928 733 3982 de
753 3930 858 4000 integro
880 3927 1089 3996 consultandum
1104 3928 1209 3983 videri:

116 4002 301 4070 nequeenim
321 3949 474 4066 ιιδΡιιιιιιτιι,
500 4001 549 4054 sed
572 3999 607 4054 acl
631 4017 724 4053 omnes
751 3999 931 4052 communitor
952 3998 1103 4066 pericnlum
1122 3999 1212 4069 perti-

116 4083 188 4122 nere.
232 4071 349 4126 Initium
367 4071 436 4126 iecit
453 4073 545 4124 iunior
563 4071 728 4141 imperator,
752 4070 867 4141 loquens
891 4067 975 4120 verba
1009 4067 1208 4122 huiuscemodi.

117 4137 213 4193 Testes
232 4140 285 4210 ipsi
305 4139 386 4194 nobis
403 4158 494 4195 snmus
515 4149 543 4194 et
561 4139 642 4194 deum
659 4139 791 4194 habemus
807 4138 946 4193 conscium
969 4151 1076 4202 eorum,
1087 4155 1167 4208 ,quac
1180 4139 1211 4192 in

117 4210 239 4262 consiliis
252 4213 429 4282 sp'tsrimus:
449 4209 578 4283 qnodque
597 4228 648 4263 nec
660 4210 852 4264 moestitudini
864 4211 1079 4274 succumbentes,
1097 4225 1148 4260 noc
1163 4210 1209 4262 in-

117 4282 296 4354 tempestivae
315 4289 345 4336 et
356 4281 575 4338 inconsideratae
590 4279 722 4336 audaciae
737 4278 883 4344 cedentes,
902 4279 1055 4354 quidquam
1075 4281 1208 4340 iniustum
