3074 4934
446 331 733 400 ursroarssuu
760 340 800 401 u.
820 345 852 410 2.
1075 279 1077 284 ι
1122 316 1206 433 3ιη

126 476 171 544 τάν
187 483 283 563 μεγαν
307 483 494 563 δομάστικον
518 483 644 571 ἔπεμψε
659 487 740 574 πρὸς
766 491 818 557 τὸν
839 495 1039 581 πατριάρχην
1061 499 1270 580 διαλεξό-Α.ῦ.
1285 515 1352 577 1328

121 601 206 659 μενοι
218 582 276 660 μὲν
292 579 379 669 αὐτῷ
395 580 452 648 καί
468 583 513 663 uic
530 588 565 664 ἐξ
581 587 684 654 edred
707 590 788 676 ὑπὲρ
817 594 875 677 τῆς
894 591 974 680 πρδς
993 593 1069 672 τούς
1093 597 1231 682 degsa-13

121 680 189 762 ρέας
213 680 396 765 διαλλαγῆς,
425 687 482 750 καί
505 680 564 772 ἀφ’
588 682 708 753 ἑαυτοῦ
733 690 769 754 δὲ
790 694 866 755 καθ’
884 686 961 758 ὅσον
983 687 1023 758 ἀν
1044 688 1111 760 οἷόν
1134 691 1205 783 τεῇ

120 774 373 862 ἐπιμελησόμενον
396 783 452 867 τῆς
477 781 622 871 εἰρήνης.
653 783 689 862 ic
711 784 792 875 πρὸς
813 789 1013 880 πατριάρχην
1031 791 1135 860 ἐλθών
1150 795 1206 860 καὶ

102 873 209 946 sasiri
226 877 375 955 πολλάκις
392 879 472 968 ὑπὲρ
494 886 557 950 τοῖν
578 885 756 974 ἀρχιερέων
776 889 916 974 δεηθεὶς,
950 891 1022 956 ε’πεδ
1043 884 1120 977 ἤνυε
1140 919 1203 980 μη-

117 975 178 1057 δὲν,
208 970 275 1042 ἀλλ’
299 979 526 1067 ἀπαραιτήτως
556 979 574 1048 ὅ
603 985 802 1074 πατριάρχης
828 987 933 1073 εἴχετο
957 994 1013 1076 της
1037 985 1130 1078 ἀργῆς
1149 992 1207 1058 καί

116 1071 178 1137 τάδ’
194 1067 233 1142 άν
246 1074 279 1142 εἴ
292 1102 325 1142 τι
344 1082 464 1165 γένοιτο
489 1082 676 1172 συγγνώμην
689 1084 776 1173 ἔλεγε
797 1099 992 1175 παρασχεῖν,
1014 1093 1045 1155 εδ
1055 1091 1100 1178 μη
1115 1095 1204 1178 δίκην

114 1173 190 1240 δοῖεν
207 1177 358 1264 πρότερον
376 1185 442 1246 τῶν
458 1187 712 1271 τετολμημένων·
735 1190 791 1254 καί
808 1189 884 1254 οάδὲ
904 1189 1026 1258 ἀδικεῖν
1046 1188 1151 1275 ἔλεγεν
1168 1195 1199 1258 εἰ

114 1271 163 1337 ἕπτ’
188 1277 277 1363 δίκην
295 1288 510 1365 προκαλεῖται·
537 1284 707 1371 ἀπολαβὼν
727 1286 745 1355 ὃ
767 1291 868 1372 μέγας
897 1291 1088 1372 δομέστικυς,
1108 1284 1235 1373 „dm
1249 1297 1297 1350 ¹58

83 1370 167 1440 ιοοδκ
185 1367 225 1441 άν
244 1374 296 1463 εἴη
310 1380 368 1444 σοι’
375 1403 410 1444 τε
428 1381 634 1464 κάκείνοιςδξ
654 1383 725 1453 ἴσου
746 1386 789 1454 τά
808 1391 863 1474 τῆς
884 1390 991 1474 δι’κης”
1012 1387 1075 1476 ἔφη
1096 1389 1149 1472 „el
1161 1386 1201 1456 ud

109 1471 166 1550 μὲν
184 1478 304 1564 καθεδῇ
334 1477 471 1558 δικάζων
497 1507 531 1547 τε
560 1479 628 1565 άμα
650 1484 706 1552 καί
732 1489 881 1572 ἀγκαλῶν,
903 1488 1001 1554 αδτοδ
1019 1491 1055 1554 δὲ
1075 1493 1120 1578 τῷ
1141 1489 1231 1560 σοι’-0

107 1571 149 1656 τῷ
179 1573 325 1664 διαιτητῇ
353 1602 388 1643 τε
408 1575 476 1663 ἅμα
499 1582 725 1668 ἀναγκάζοιντο
745 1589 893 1671 χρῆσθαι
911 1589 966 1654 κατ’
989 1588 1161 1678 κατηγόρῳ.
1175 1589 1207 1654 εἰ

106 1669 138 1786 δὲ
155 1667 198 1757 μη
216 1672 428 1761 παρόψεσθαι
449 1677 484 1746 τδ
508 1683 633 1750 δίκαιον
657 1684 776 1768 αὐτῶν,
796 1684 878 1772 μήτε
898 1684 965 1772 μην
987 1686 1066 1776 ἀργῇ
1082 1691 1204 1769 μᾶλλον

104 1793 122 1852 η
136 1769 215 1858 αὐτῇ
229 1776 270 1860 τῇ
285 1775 418 1860 δυνάμει
430 1781 488 1844 τοῦ
497 1781 623 1848 δικαίου
637 1779 677 1849 τά
697 1785 871 1870 πράγματα
888 1786 1030 1850 δικάσειν
1051 1787 1205 1870 ἀπαγγέλ-

75 1873 153 1957 ιάλη,
172 1871 411 1961 ἀπαντήσουσιν
430 1881 487 1946 ἐπὶ
504 1877 541 1946 τά
557 1881 761 1969 δικαστήριον
777 1882 881 1975 ἡμέρη
897 1887 1025 1971 τακτῇ.”
1052 1882 1071 1948 ά
1087 1907 1205 1969 πατρι-

104 1969 198 2059 άρχης
213 1973 249 2038 δὲ
262 1973 323 2059 ,,τδ
342 1981 404 2057 μὲν
423 1981 498 2061 ἐμοὶ
512 1975 571 2065 τήν
589 1982 679 2066 δίκην
697 1979 868 2069 προσήκειν
888 1984 953 2049 τῶν
971 1981 1124 2048 τοιούτων
1145 1980 1201 2047 καδ

102 2083 162 2152 τοῖς
176 2081 297 2154 λοιποῖς
311 2078 464 2164 ἀδελφοῖς
475 2087 542 2158 τοῖς
555 2080 770 2168 ἀρχιερεῦσιν,
780 2078 839 2148 οάκ
848 2075 890 2148 άν
899 2082 969 2147 οὐδ’
982 2079 1103 2157 αδτδς”
1115 2075 1200 2148 εἶπεν

101 2169 300 2262 ,ἀρνηδεάης
318 2171 364 2242 ὅτι
380 2181 417 2244 δὲ
437 2177 537 2257 αδτάς
556 2179 601 2258 ἀς
620 2181 807 2268 ἠδικημένος
826 2183 872 2260 εἰς
893 2180 1098 2268 δικαστήριον
1118 2185 1199 2248 ἕλκω

102 2276 163 2357 νῦν,
173 2275 212 2340 οδ
226 2274 388 2362 δικαστὴς,
401 2277 483 2344 ἀλλά
494 2277 682 2365 κρινόμενος
694 2283 902 2367 καθεδοῦμαι,
913 2285 978 2347 τοῖν
989 2273 1095 2346 άλλων
1106 2281 1199 2348 δικα-

67 2371 213 2451 εοζόντοιν
231 2375 420 2463 ἀρχιερέων.
442 2379 475 2442 εδ
485 2381 516 2444 δ’
528 2372 594 2466 άρα
612 2377 774 2464 δικάζοιμι
793 2380 850 2446 καί
867 2376 975 2463 αάτδς,
994 2377 1126 2468 μήποτε
1143 2404 1198 2445 το-

27 2497 31 2518 ’
100 2477 210 2542 τοῦτον
229 2477 375 2564 μανείην,
397 2481 474 2564 μηδ’
496 2473 633 2556 ἀτοπίας
655 2481 701 2557 εἷς
720 2483 872 2547 τοσοῦτον
898 2479 1093 2568 ἐξελάσαιμι,
1116 2475 1198 2546 ὥστε

99 2565 174 2664 ἀργῇ
196 2575 338 2656 δικάζειν
360 2576 416 2644 καὶ
432 2575 479 2665 μη
500 2588 568 2657 τοῖς
587 2577 699 2666 ἀρδοῖς
720 2582 796 2668 περὶ
815 2580 880 2647 τῶν
897 2577 1093 2668 πραγμάτων
1111 2588 1230 2664 λογι-Ῑ)

97 2683 193 2760 σμοῖς,
210 2679 269 2744 καὶ
287 2673 425 2759 μάλιστα
443 2677 524 2763 νυνδ,
546 2674 592 2745 ὅτ’
608 2679 670 2764 οδχ
689 2678 770 2766 ὑπὲρ
791 2676 912 2766 ἑτέρου,
933 2665 989 2768 ’(ἧν
1008 2676 1070 2766 γάρ
1085 2668 1126 2744 ἀν
1145 2675 1195 2757 τις

97 2775 287 2866 συγγνώμη)
310 2771 383 2844 ἀλλ’
403 2773 454 2844 ὅτε
481 2781 557 2866 περὶ
575 2781 718 2862 ἐμαυτοῦ
747 2775 806 2864 την
833 2782 944 2865 ψῆφον
973 2777 1095 2864 ἐξάγειν
1114 2780 1194 2859 μέλ-

62 2873 232 2941 assumi
247 2873 397 2957 τάξαντες
412 2877 536 2966 ἡμέραν
549 2881 584 2944 ἕν
602 2869 822 2966 ᾗπαρέσονται
843 2874 959 2954 πάντες
970 2875 1000 2944 οἱ
1021 2878 1192 2965 ἀρχιερεῖς,

146 3021 185 3076 18.
194 3020 360 3094 δρυηδείηε,
380 3021 455 3094 qnod
471 3022 555 3094 iuipr.
574 3039 686 3094 quoque
699 3022 776 3094 legit,
794 3021 1011 3093 eurr.ED.P.pro
1023 3018 1190 3091 desudetur.

93 3149 225 3211 quantam
243 3142 304 3196 fieri
316 3151 425 3214 posset,
443 3143 505 3212 paci
523 3141 678 3214 iungendae
695 3159 805 3212 operam
819 3140 904 3196 daret
942 3141 1115 3194 Domestieus
1132 3156 1190 3191 ma-

93 3213 149 3280 gnis
166 3223 196 3266 et
208 3215 316 3266 iteratis
338 3214 467 3284 precibus
480 3232 530 3286 pro
550 3215 686 3285 episcopis
703 3231 783 3267 orans
799 3212 873 3267 nihil
891 3214 989 3267 effecit.
1026 3213 1190 3266 Tenebatur

91 3284 162 3335 euim
178 3285 219 3338 irs
233 3285 408 3338 irrevocabili
424 3284 674 3357 profitebaturque,
701 3301 758 3338 nou
780 3301 809 3337 se
828 3291 893 3337 ante
913 3285 1085 3355 ignoturum,
1106 3297 1189 3355 quam

91 3353 132 3407 iili
151 3355 283 3408 audaciae
303 3372 483 3426 susepoenas
497 3357 706 3427 persolvissent,
735 3355 843 3408 etiamsi
863 3356 971 3408 eaelum
991 3362 1091 3408 suerei.
1129 3351 1188 3405 Ne-

91 3439 142 3494 que
170 3442 201 3479 se
220 3427 324 3480 ideireo
342 3427 430 3480 scelus
458 3427 564 3492 iacere,
592 3429 615 3480 si
641 3426 676 3480 ad
693 3426 829 3480 iudicium
848 3442 894 3480 eos
910 3435 1078 3496 provocaret.
1115 3425 1188 3478 Tum
1228 3448 1231 3456 ·

90 3510 199 3564 magnus
218 3496 404 3552 domesticus:
422 3498 458 3551 Δι
479 3499 507 3551 ui
526 3500 616 3569 impar
634 3498 688 3552 erit
705 3497 735 3552 iu
754 3498 808 3550 hoe
824 3497 929 3551 indicio
941 3497 1188 3566 litigantiumeou-

89 3563 172 3630 ditio,
199 3569 223 3621 si
243 3576 274 3622 tu
293 3569 377 3622 iudex
394 3516 477 3622 simud
494 3577 524 3623 et
541 3576 682 3622 aecusator
697 3567 808 3632 sedeas,
833 3570 942 3640 ipsique
963 3568 1082 3622 eundem
1100 3582 1187 3636 expe-

89 3637 136 3688 riri
148 3638 336 3696 adversarium
354 3649 383 3694 et
400 3640 534 3694 arbitrum
550 3648 691 3712 cogantur.
729 3640 780 3693 Sin
797 3638 879 3693 iidem
899 3639 962 3703 das,
981 3647 1010 3692 te
1029 3640 1072 3692 ius
1091 3653 1187 3690 eorum

88 3723 142 3762 non
160 3709 365 3781 neglecturum,
382 3727 473 3797 neque
491 3729 526 3765 ex
546 3711 586 3765 ira
605 3713 697 3782 potius
715 3729 797 3784 quam
815 3727 849 3764 en
865 3713 1006 3782 aequitate
1021 3726 1064 3764 res
1078 3706 1187 3762 iudica-

89 3785 188 3844 turum,
209 3781 257 3834 die
275 3781 349 3836 dicta
366 3799 396 3836 se
414 3791 523 3842 sistent,
560 3783 661 3835 Contra
678 3781 847 3854 patriarcha,
866 3781 1014 3835 Causarum
1025 3776 1186 3831 huiusmodi

88 3852 275 3920 cognitionem
295 3869 382 3907 meam
402 3854 628 3927 reliquorumque
649 3853 764 3906 fratrum
783 3869 797 3905 e
819 3853 974 3922 iseoporum
998 3867 1075 3912 esse,
1100 3864 1137 3901 ue
1155 3855 1185 3902 ie

88 3920 200 3990 quidem
218 3923 295 3976 latet.
339 3925 442 3977 Tamen
461 3927 528 3997 quia
550 3941 624 3977 nuuc
649 3923 723 3994 ipsos
748 3932 781 3976 ut
831 3940 893 3975 esus
912 3923 944 3973 in
962 3921 1096 3973 indicium
1121 3934 1186 3988 per-

87 3991 180 4056 trahe,
196 4010 255 4046 non
272 3994 374 4059 iudex,
393 3994 442 4048 sed
461 4013 541 4060 reus,
564 3995 626 4048 aliia
646 3995 783 4065 episcopis
802 3993 845 4046 ius
862 3990 1053 4054 reddentibus,
1071 3987 1184 4043 sedebo.

87 4059 171 4132 Quod
188 4063 213 4116 si
231 4065 276 4117 sei
294 4067 304 4118 i
326 4083 355 4119 se
373 4065 508 4119 iudicium
527 4081 698 4128 exercerem,
716 4079 858 4135 nunquam
877 4079 910 4115 eo
924 4062 1048 4116 insaniae
1060 4059 1186 4112 insoleu-

86 4133 175 4186 tiseve
214 4150 292 4207 rogre
313 4153 391 4200 eser,
415 4145 448 4189 ut
464 4135 533 4189 iram
549 4139 654 4208 magis,
681 4151 764 4207 quarn
783 4141 883 4186 rectam
900 4133 1037 4186 rationem
1053 4134 1084 4186 iu
1106 4128 1186 4182 iudi-

85 4203 172 4256 cando
205 4221 284 4259 ucern
299 4223 443 4278 sequerer:
462 4225 535 4260 nune
547 4208 732 4280 potissimum,
750 4205 862 4278 quando
880 4222 936 4257 non
954 4221 1004 4274 pro
1021 4203 1089 4267 alio,
1101 4200 1187 4273 (esset

86 4275 160 4330 enim
177 4275 274 4348 aliqua
291 4278 395 4350 seaia‚)
414 4275 463 4332 sed
481 4294 530 4348 pra
548 4295 592 4332 sne
608 4277 773 4332 sententiam
787 4277 893 4331 laturus
907 4291 1001 4329 essem.
1037 4273 1185 4345 Dieigitus
