3114 4930
445 313 726 380 ursrounauu
758 319 783 380 ι.
815 315 864 388 15.
1164 284 1216 399 73

137 467 197 534 τινί
212 467 388 552 assianae
406 471 573 555 προσέχειν
588 469 815 552 inienuitate,
836 465 1072 553 anniversitas
1090 466 1146 534 καί
1168 479 1284 536 nanc.
1301 482 1362 536 stur

136 571 266 652 ριττοῖν,
286 560 490 653 deciditque
508 566 567 652 τὴν
587 571 711 649 πίστιν,
738 571 829 633 ταῦτ’
857 568 902 642 εἰς
925 563 1019 653 όρκον
1045 569 1120 649 έμοί
1143 585 1248 654 προ-Β

134 667 278 746 βάλλειν·
308 667 424 758 ‘insitire
445 665 507 754 γὰρ
533 661 573 734 δν
598 664 844 750 καταψεύσομαι
866 669 929 733 τῶν
952 665 997 752 μὴ
1024 670 1221 750 τιμωμένων.

133 763 181 829 διό
202 763 242 850 δή
260 789 319 832 σου
341 769 474 850 δέομαι,
495 769 650 848 βασιλεῦ,
681 763 727 851 μό
752 767 827 853 περί
852 765 1080 832 τῶντοιούτων
1109 767 1222 848 λόγους

113 865 242 930 inarsis-
261 863 372 950 χάριτι
395 863 453 951 γὰρ
471 869 617 952 Χριστοῦ
637 868 694 932 καί
709 863 906 950 Χριστιανός
927 865 992 945 είμι
1015 865 1070 928 καί
1086 867 1148 930 τῶν
1165 864 1222 952 όρ·

130 962 283 1043 mitens.
313 963 394 1030 aerei
424 967 485 1030 σοῦ
509 967 545 1030 δὲ
568 962 647 1052 μήτε
684 962 803 1050 δρόσοι
817 963 899 1049 μήτε
924 962 1170 1046 βουλεόσοσθαί
1188 989 1221 1030 τι

131 1060 237 1144 κακόν,
267 1064 322 1130 καί
339 1065 396 1130 νῦν
410 1065 471 1146 μέν
486 1055 605 1146 ὄμνυμι
625 1065 680 1130 τόν
699 1063 839 1150 οὖρακοῦ
860 1061 916 1128 καί
927 1067 984 1149 γῆς
997 1059 1159 1148 ,notatim
1176 1061 1222 1142 σός

131 1154 202 1228 τότε
223 1161 376 1250 πρότερον
394 1164 440 1241 εἰς
455 1161 626 1247 λογισμοός
648 1163 800 1250 ὑπήχθην
826 1157 1011 1246 τοιούτους,
1037 1153 1104 1226 οὔτ’
1123 1163 1157 1227 έν
1176 1164 1222 1250 τῷ

128 1265 278 1344 μέλλοντι
293 1260 390 1338 κακός
405 1261 549 1350 ὀφθῆναι
567 1262 722 1347 βούλομαι
741 1261 817 1350 περί
830 1266 885 1330 σε’·
914 1261 972 1330 σόν
995 1265 1033 1327 δ’
1063 1264 1221 1344 ἐπίταγμα

95 1361 312 1448 ιοέκπληροόν,
350 1365 406 1428 καί
428 1355 526 1440 αὖθις
555 1357 705 1445 όμοόμαι.
755 1366 830 1448 περί
866 1364 901 1426 δέ
930 1365 988 1429 τοῦ
1026 1359 1222 1446 καταδήλους

126 1459 200 1538 τοός
214 1461 292 1544 όμοί
305 1459 459 1537 συνόντας
474 1465 529 1528 καί
544 1460 644 1530 scisci
661 1466 876 1546 βουλομένους
892 1463 945 1530 σοί
963 1463 1099 1544 θέσθαι,
1119 1463 1245 1530 έκεῖνοῦ

125 1561 223 1644 λόγου,
247 1557 291 1635 σός
306 1556 406 1636 ου’τός
424 1553 465 1626 όν
483 1562 598 1647 εἰδείης
617 1565 738 1643 μᾶλλον
756 1561 849 1644 ἐμοῦ,
882 1559 1011 1638 όποίους
1034 1557 1121 1638 τινός
1138 1557 1221 1636 εἰκός

125 1653 209 1723 εἶναι
225 1655 302 1734 τοός
323 1663 565 1746 προσκειμένους
583 1662 664 1743 ἐμοί.
706 1655 785 1726 όπου
806 1658 865 1746 γὰρ
889 1659 1061 1747 χρημάτων
1089 1659 1148 1742 μέν
1165 1683 1222 1741 μοι

126 1756 223 1844 πόρος
243 1757 357 1841 οδδείς,
376 1752 423 1836 οἷς
439 1753 480 1826 δν
496 1756 573 1836 ἴσως
587 1763 733 1842 πείσαιμι
747 1763 810 1826 τεόν
832 1755 929 1840 όξίιον
946 1785 1002 1842 μοι
1017 1757 1112 1844 λόγον
1133 1755 1222 1836 τινός

94 1859 306 1944 ιόπροσέχειν,
326 1853 503 1946 παρρησίας
516 1885 551 1926 τε
569 1859 646 1946 πρὸς
662 1863 698 1926 σὲ
715 1863 861 1942 μέτεστιν
879 1860 1038 1942 οόδεμιᾶς,
1057 1861 1098 1924 δι’
1115 1850 1154 1944 ἦς
1168 1853 1223 1926 ου’-

124 1959 263 2042 εργετοόν
271 1957 399 2047 ἐμαυτῷ
415 1959 571 2044 κτήσομαι
579 1961 694 2047 φιλους
705 1957 794 2036 τινός
809 1959 872 2026 τῶν
888 1958 1044 2040 δεομένων
1055 1957 1223 2044 ὠφελείας,

123 2057 264 2143 σννορᾷν
280 2057 368 2122 ἐστιν
389 2058 424 2122 ἐκ
448 2059 512 2124 τοῖν
535 2054 730 2146 πραγμάτων
754 2057 797 2146 τῷ
825 2058 1004 2146 βουλομένῳ
1029 2058 1128 2122 παντί
1150 2053 1223 2133 τούς

123 2153 358 2240 ἡθροισμένους
381 2158 455 2242 περί
480 2157 547 2239 ἐμέ.
597 2159 628 2222 εἰ
652 2160 683 2223 δ’
717 2149 782 2242 ἔρα
806 2157 866 2222 καί
884 2179 965 2232 τινες
990 2149 1053 2220 εἶεν
1076 2153 1225 2232 εόνοΐκιός

124 2255 203 2334 ἐμοί
230 2253 443 2337 διακείμενοι,
464 2256 521 2321 οόκ
541 2255 719 2345 όφείλοντες
734 2255 793 2342 τὴν
815 2247 942 2322 εὔνοιαν
948 2305 958 2336 ,
989 2249 1078 2320 όλλοῖ
1102 2255 1224 2336 μᾶλλον

88 2349 255 2440 οοχόριτος
274 2352 480 2438 κατόρχοντές
492 2357 592 2422 εἰσιν·
615 2347 660 2422 τόν
678 2351 759 2422 οὕτω
779 2355 951 2440 βελτίστων
964 2352 1039 2440 περί
1058 2354 1250 2438 iniussi-1)

122 2476 163 2516 κα
183 2451 416 2538 γεγενημένων,
438 2454 494 2521 osia
505 2447 546 2520 όν
565 2459 675 2545 ἐλλίπῃ
684 2457 865 2542 μοχθηρίαις
887 2451 1063 2542 ὑπερβολὴν
1085 2450 1121 2520 τό
1136 2451 1224 2518 κάκι-

123 2573 201 2616 στον
217 2547 317 2616 αότὸν
335 2551 392 2617 καί
410 2551 569 2641 προδότην
588 2554 735 2642 όφόῆναι
755 2553 831 2640 περί
849 2553 974 2630 αὐτούς.
997 2552 1147 2636 καίτοιγε
1168 2551 1225 2618 καί

122 2647 224 2716 uisos*
249 2649 346 2740 ου’δὲν
365 2643 442 2720 ἄλλο
455 2677 513 2737 μοι
532 2649 715 2743 προσιόντες
727 2655 851 2722 πείθειν
870 2656 1097 2746 ἐπιχειροῦσιν,
1119 2645 1142 2738 ἦ
1162 2648 1224 2736 σοί,

122 2811 168 2849 me
195 2803 225 2849 et
250 2794 389 2850 Christum
413 2794 536 2851 induisse
562 2796 694 2856 ostendis.
730 2799 780 2853 Sin
800 2797 877 2851 aliud
893 2815 943 2868 pro
962 2797 1076 2850 numine
1106 2796 1221 2850 adorare

122 2883 168 2918 me
197 2866 304 2931 credis,
345 2867 445 2920 inutiie
478 2877 507 2920 et
529 2885 759 2939 supervacaneum
782 2877 837 2934 est,
864 2885 981 2942 quorum
1006 2869 1087 2922 iidem
1114 2867 1220 2920 irritam

122 2937 196 3001 ieci,
223 2953 274 3008 per
298 2954 329 2990 es
357 2939 548 2991 iusiurandum
572 2957 587 2992 a
612 2956 656 2992 me
678 2943 767 3010 exigi:
795 2939 876 2993 facile
904 2937 1041 3009 siqnidem
1059 2946 1152 2992 contra
1172 2938 1221 2989 iila

121 3009 259 3072 mentiar,
288 3025 357 3080 quac
383 3009 471 3063 colere
498 3007 590 3063 deciis
614 3010 750 3081 Quocirca
769 3019 798 3062 te
816 3019 938 3080 rogatum
955 3011 1034 3073 volo,
1052 3009 1221 3128 iungeretur,

121 3091 160 3130 ne
179 3077 250 3150 quid
267 3095 350 3148 super
367 3078 419 3132 hoc
437 3081 546 3150 negotio
566 3081 712 3135 verborum
729 3082 836 3146 λασίοις
862 3081 946 3150 gratia
971 3080 1045 3131 enim
1072 3079 1092 3132 C
1115 3079 1174 3132 risti
1194 3087 1224 3132 et

122 3147 299 3202 Christianus
327 3159 355 3202 et
378 3150 545 3204 orthodoxus
569 3167 638 3203 sum.
695 3150 829 3204 Adversus
848 3159 876 3202 te
895 3157 986 3203 sutem
1007 3148 1079 3201 nihil
1097 3149 1160 3202 mali
1177 3149 1224 3202 vel

123 3219 267 3290 designavi
290 3221 334 3272 vel
351 3222 484 3291 cogitari:
513 3230 542 3273 et
572 3239 647 3275 nunc
681 3223 752 3273 caeli
784 3230 929 3291 terraeque
952 3219 1122 3274 conditorem
1149 3222 1222 3274 uitro

121 3299 228 3342 testor:
255 3307 298 3343 me
326 3307 417 3363 neque
444 3291 563 3344 antehac
594 3291 751 3345 istiusmodi
776 3291 892 3344 consilia
918 3293 1035 3355 coxisse,
1061 3308 1153 3362 neque
1188 3292 1223 3346 de

124 3369 220 3413 cetero
237 3363 356 3430 improbi
379 3361 486 3434 aliquid
511 3363 542 3415 in
568 3369 597 3415 te
627 3363 860 3429 machinaturum,
903 3362 960 3416 tuis
980 3379 1043 3416 vero
1067 3364 1147 3415 iussis
1174 3379 1226 3432 pa-

122 3449 188 3485 rcns
207 3433 299 3484 denuo
320 3432 427 3484 iurabo.
464 3435 519 3484 lam
537 3433 612 3504 quod
637 3435 695 3498 vis,
714 3441 746 3486 ut
763 3434 903 3486 adiutores
922 3441 951 3484 et
968 3435 1056 3485 socios
1074 3433 1128 3486 tibi
1147 3449 1224 3486 meos

122 3500 263 3568 indicem,
283 3503 354 3556 illud
373 3502 445 3567 dico,
466 3512 493 3556 te
510 3505 617 3573 potius,
636 3521 718 3577 quam
736 3522 779 3556 me
797 3505 867 3557 scire
885 3509 974 3573 posse,
992 3505 1087 3573 quales
1106 3521 1223 3557 consen-

121 3581 237 3624 taneum
255 3573 292 3626 sit
310 3590 385 3636 csse,
432 3575 460 3625 ui
479 3590 523 3625 me
540 3586 700 3646 sequuntur.
738 3575 807 3627 Cum
826 3575 900 3626 enim
922 3575 1057 3644 pecuniae
1077 3575 1224 3628 faciendae

122 3646 197 3695 ratio
225 3644 302 3696 nulia
326 3591 502 3714 suppeditet,
520 3663 574 3715 qua
592 3648 706 3699 forsitan
725 3647 858 3717 quosdam
878 3661 934 3696 non
953 3645 1063 3696 infimae
1082 3647 1229 3712 conditio<

123 3715 169 3766 nis
185 3714 222 3768 ad
238 3731 313 3767 meas
332 3724 422 3785 partes
444 3715 599 3779 allicerent,
625 3717 753 3770 libertate
772 3725 864 3768 nartem
881 3716 954 3785 apud
974 3724 1002 3767 te
1020 3715 1096 3766 nulia
1120 3720 1162 3768 uti
1185 3717 1222 3768 ii-

125 3793 203 3847 nest,
235 3801 290 3854 qno
314 3801 367 3856 ope
392 3788 483 3838 aliena
501 3785 689 3856 indigentibus
710 3787 904 3849 benefaciens,
926 3788 1027 3838 amicos
1052 3801 1222 3854 comparem,

125 3853 231 3907 discere
255 3854 322 3907 binc
343 3857 432 3930 quivis
459 3865 569 3926 potest,
593 3861 616 3910 si
638 3859 712 3920 vult,
738 3858 833 3928 quales
852 3872 881 3908 ae
900 3855 935 3907 ad
954 3857 1115 3908 societatem
1132 3871 1223 3908 meam

125 3927 337 3996 aggregaverint.
383 3925 466 3997 Quod
491 3929 514 3978 si
534 3927 604 3981 sorte
630 3929 758 3982 nonnulii
785 3943 828 3979 me
854 3943 910 3978 non
935 3926 1070 3988 oderunt,
1094 3933 1123 3976 st
1140 3926 1169 3975 in
1187 3941 1221 3977 eo

124 4013 181 4048 non
208 3997 251 4050 iili
277 3995 404 4050 debitum
429 4013 477 4066 pro
504 3997 588 4067 gratia
615 4006 772 4068 praestant,
797 3995 846 4048 scd
860 3998 947 4064 gratie
966 4013 1009 4048 me
1027 4003 1222 4048 antevortunt:

125 4069 173 4136 qni
192 4083 253 4118 cnm
270 4067 349 4119 nulla
363 4074 517 4136 exspectata
534 4068 659 4121 mercede
678 4071 732 4122 mei
750 4070 807 4120 sint
825 4083 905 4138 quam
924 4065 1133 4128 studiosissimi,
1150 4064 1243 4124 nihil,

124 4146 217 4206 posset
234 4137 297 4190 fieri
315 4137 473 4202 scelestius,
495 4140 519 4190 si
535 4155 584 4210 ego
612 4143 642 4192 iu
669 4140 732 4192 iilos
756 4147 850 4192 contra
875 4136 1076 4208 ingratissimus
1101 4153 1132 4188 ac
1155 4153 1222 4206 pro·

127 4207 199 4260 ditor
223 4211 378 4260 existerem.
416 4207 588 4280 Quamquam
609 4220 639 4263 et
663 4211 717 4280 ipsi
743 4227 787 4262 me
811 4207 959 4272 adeuntes,
986 4223 1042 4259 non
1059 4205 1136 4260 aliud
1153 4205 1224 4262 mihi

126 4280 291 4350 penaadere
309 4279 446 4344 nitantur,
465 4295 545 4352 quam
564 4289 596 4338 ut
614 4279 681 4347 tibi,
700 4281 862 4354 imperatori
882 4295 913 4334 as
931 4281 1038 4352 parenti
1058 4294 1129 4344 meo,
1148 4277 1222 4338 dictu
