3128 4922
374 310 578 388 remotus
606 313 821 382 PAlilSiNAE
849 315 1087 384 PRAEFATIO.
1244 321 1285 384 lx

196 484 241 547 D.
259 483 298 547 de
310 483 429 570 Noyers
450 487 513 570 regi
532 483 572 547 ab
588 487 702 550 intimis
716 485 849 549 consiliis
866 496 897 548 et
921 491 1062 567 secretis,
1092 489 1176 552 cuius
1194 511 1285 554 cinae

196 584 334 646 aedilicia
364 589 468 670 regie,
506 597 607 668 artes,
639 588 765 669 ipsaque
794 587 995 672 typographia
1032 591 1115 672 regin
1139 593 1286 673 permissa

195 697 285 764 sunt,
319 707 377 768 pro
401 685 545 770 singulari
567 686 756 749 humanitate
773 705 849 765 sua,
876 708 993 770 proque
1009 689 1113 750 innato
1134 711 1196 752 non
1215 689 1284 753 vul-

196 789 262 870 gari
281 807 354 870 erga
370 787 486 850 litteras
503 787 632 865 affectu,
662 808 792 871 quarum
808 791 1055 872 propagationem
1073 790 1112 851 ad
1135 811 1285 852 summam

194 884 417 968 rempublicam
445 889 597 971 pertinere
626 887 722 973 probe
750 889 826 966 soit,
862 889 964 951 statim
992 891 1141 972 optimum
1172 890 1285 960 sacnrm

192 985 293 1048 videri
318 985 377 1048 sibi
393 988 592 1070 significavit,
620 999 656 1049 nt
674 985 839 1068 δίγλωττος
861 985 1002 1048 ederetur
1024 999 1130 1050 auctor
1151 988 1219 1052 luce
1236 990 1283 1051 di·

194 1085 378 1168 gnissimus,
420 1107 483 1170 quo
507 1099 653 1170 utrosque
677 1089 742 1150 voti
768 1097 922 1169 compotes
945 1086 1072 1149 bom:
1105 1099 1199 1172 utque
1220 1091 1284 1173 ipse

193 1183 422 1248 Cantacuaenus
439 1207 510 1251 cunt
529 1190 619 1250 tineis
636 1198 667 1250 ct
688 1185 791 1250 blattis
808 1207 945 1272 pugnare
967 1186 1135 1268 desineret,
1163 1191 1216 1271 qui
1238 1201 1285 1252 tot

189 1305 312 1368 pugnus
331 1299 515 1371 pugnesset,
536 1299 642 1372 totque
660 1289 820 1352 hominum
840 1299 978 1372 strages,
995 1291 1173 1373 priusquam
1196 1310 1214 1350 e
1236 1293 1283 1351 vi·

188 1401 305 1449 vorum
324 1407 454 1450 numero
474 1391 672 1468 eximeretur,
693 1387 854 1452 edidisset:
876 1409 937 1472 quo
958 1387 1038 1451 sacto
1055 1391 1175 1474 egregio
1194 1409 1285 1452 nemo

186 1503 263 1548 sane
280 1489 400 1570 sopiens
419 1485 477 1552 ibit
492 1489 624 1569 inficias,
652 1487 888 1552 illustrissimum
909 1490 1011 1551 virum
1040 1483 1154 1574 optiine
1169 1488 1207 1551 de
1232 1487 1284 1550 lit-

188 1589 266 1648 teris
289 1607 355 1652 esse
374 1589 595 1673 pontoium,
631 1609 728 1672 eoque
744 1591 869 1652 nomine
888 1591 993 1654 unicas
1014 1591 1171 1674 sigredus
1191 1609 1283 1672 agm-

188 1682 257 1750 dns.
298 1687 383 1768 Quin
396 1690 481 1768 imo,
503 1691 530 1756 si
548 1687 624 1772 quid
641 1709 746 1753 menes
766 1691 919 1768 sentiunt,
939 1687 972 1752 id
993 1689 1051 1774 ipsi
1074 1689 1285 1756 eneruem

188 1789 513 1870 wotptitdmumlore
531 1788 748 1869 credibilemt,
767 1789 990 1872 quodLatinne
1007 1787 1284 1874 lingnaeetGrae·

190 1907 247 1948 coe
268 1887 403 1970 quodam
428 1891 580 1954 consortio
600 1891 687 1974 quasi
716 1887 941 1972 quodammodo
965 1889 1046 1953 inter
1072 1899 1207 1955 vetarem
1227 1908 1285 1950 no·

192 2005 326 2070 remque
352 1989 484 2052 Romam
507 1989 587 2054 bene
613 1991 778 2054 convenire
809 1988 970 2066 videatur,
1010 1987 1093 2070 quod
1121 1987 1173 2048 ille
1195 1990 1285 2050 vivus

189 2088 395 2170 perrupisset.
427 2089 495 2152 Hoc
515 2090 610 2172 igitur
630 2087 744 2168 linus,
762 2089 893 2167 Lector,
915 2097 946 2148 et
961 2085 1141 2148 benedoitun
1156 2076 1286 2170 agnosce

188 2189 272 2270 riri,
304 2210 366 2272 quo
383 2209 474 2254 nemo
494 2187 535 2254 ad
555 2187 651 2252 bonas
674 2197 755 2252 artes
774 2185 1021 2270 promovendas,
1052 2197 1083 2250 et
1102 2187 1226 2248 eximios
1243 2184 1285 2248 ab

186 2299 256 2352 urbe
279 2289 363 2352 viros
382 2287 532 2354 iuvandos
554 2290 734 2372 propensior
754 2290 873 2366 existit,
903 2289 929 2350 si
953 2307 1016 2350 non
1032 2288 1168 2369 ingratus
1192 2297 1285 2369 atque

185 2388 231 2452 ob
250 2392 335 2454 omni
350 2390 541 2454 bumenitatc
562 2388 678 2452 alienus
698 2409 741 2450 es.
783 2387 875 2466 Quod
891 2389 964 2450 site
984 2387 1034 2448 bic
1049 2407 1180 2470 aequum
1194 2407 1284 2469 prae·

185 2487 314 2570 bustis,
354 2491 457 2572 primo
486 2509 610 2573 quoque
634 2499 772 2572 tempore
796 2507 902 2550 omnes
933 2486 1078 2550 historiae
1101 2487 1286 2569 Byzantinos

184 2591 353 2671 scriptores
366 2600 432 2652 tam
451 2589 569 2668 editos,
600 2609 695 2672 quom
710 2609 805 2652 manu
821 2597 959 2652 exaratos
974 2587 1057 2669 typis
1078 2587 1169 2668 regiis
1191 2583 1284 2646 eden·

184 2689 245 2752 dos
278 2690 414 2752 eiusdem
439 2689 634 2756 illusbissimi
660 2691 720 2752 viri
746 2689 840 2760 dssctu
870 2697 901 2750 et
925 2687 1016 2769 Regis
1037 2685 1286 2750 Chrntianioimi

182 2791 331 2872 auspiciis
345 2788 495 2872 proluunt
511 2809 634 2856 sumus:
658 2787 697 2854 de
717 2790 804 2850 cuiue
822 2787 867 2850 rei
884 2785 1015 2848 utilitate
1028 2783 1166 2870 plerique
1180 2801 1287 2844 ornnes

182 2889 393 2952 consentiunt.
435 2890 500 2952 Vos
519 2891 572 2973 qui
590 2889 707 2952 litteras
729 2889 859 2968 emotis,
890 2885 1009 2964 favete,
1039 2895 1070 2946 et
1089 2881 1216 2946 consilio
1236 2884 1285 2942 iu·

182 3000 272 3054 vate·
312 2987 431 3070 Fama,
453 2991 572 3071 virtus,
600 2999 631 3050 et
652 2990 728 3050 recti
749 3008 836 3048 amor
862 3003 932 3046 eum
954 2983 1134 3064 deseruere,
1155 2981 1209 3062 qui
1232 2977 1285 3040 lit·

181 3099 268 3152 teras
283 3109 346 3152 non
365 3099 468 3170 aunt,
496 3099 550 3152 aut
564 3107 615 3150 ees
630 3086 760 3150 insultas
784 3085 914 3146 deserite
944 3093 975 3144 et
989 3083 1110 3164 penitus
1125 3077 1285 3162 inglorius,

180 3185 240 3252 vel
253 3187 368 3260 iudicio,
387 3209 443 3252 suo
459 3209 515 3250 neo
536 3189 703 3266 memoria,
731 3203 831 3268 noque
852 3182 960 3245 litteris
976 3183 1103 3264 dignum
1117 3179 1292 3271 quidquam·

184 3291 299 3370 gessit,
328 3288 383 3352 sed
400 3289 483 3373 quod
499 3301 623 3352 aetam
639 3285 759 3350 silentio
778 3286 874 3369 magis
889 3283 1082 3348 obruendum
1102 3284 1162 3365 sit,
1191 3299 1284 3364 quem

183 3386 359 3456 limenun
380 3391 587 3456 mnumentis
608 3385 838 3460 manendum„
871 3383 960 3448 Vale.
