<?xml version="1.0" encoding="UTF-8"?>
<!DOCTYPE html PUBLIC "-//W3C//DTD XHTML 1.0 Transitional//EN"
    "http://www.w3.org/TR/xhtml1/DTD/xhtml1-transitional.dtd">
<html xmlns="http://www.w3.org/1999/xhtml" xml:lang="en" lang="en">
 <head>
  <title>
</title>
<meta http-equiv="Content-Type" content="text/html;charset=utf-8" />
  <meta name='ocr-system' content='tesseract 3.04.00' />
  <meta name='ocr-capabilities' content='ocr_page ocr_carea ocr_par ocr_line ocrx_word'/>
</head>
<body>
  <div class='ocr_page' id='page_1' title='image "./ioanniscantacuz01niebgoog_0368.png"; bbox 0 0 3074 4934; ppageno 0'>
   <div class='ocr_carea' id='block_1_1' title="bbox 410 323 1156 430">
    <p class='ocr_par' dir='ltr' id='par_1_1' title="bbox 410 323 1156 430">
     <span class='ocr_line' id='line_1_1' title="bbox 410 323 1156 430; baseline -0.009 -8"><span class='ocrx_word' id='word_1_1' title='bbox 410 352 696 422; x_wconf 73' lang='lat' dir='ltr'><strong>nrsroarlaun</strong></span> <span class='ocrx_word' id='word_1_2' title='bbox 726 361 766 423; x_wconf 90' lang='lat'><strong><em>11.</em></strong></span> <span class='ocrx_word' id='word_1_3' title='bbox 788 363 819 430; x_wconf 75' lang='lat' dir='ltr'><strong><em>a,</em></strong></span> <span class='ocrx_word' id='word_1_4' title='bbox 1072 323 1156 418; x_wconf 76' lang='lat'><strong><em>325</em></strong></span> 
     </span>
    </p>
   </div>
   <div class='ocr_carea' id='block_1_2' title="bbox 36 505 1310 3044">
    <p class='ocr_par' dir='ltr' id='par_1_2' title="bbox 70 505 1310 1394">
     <span class='ocr_line' id='line_1_2' title="bbox 89 505 1310 600; baseline 0.007 -31"><span class='ocrx_word' id='word_1_5' title='bbox 89 506 115 570; x_wconf 83' lang='grc' dir='ltr'><strong><em>ολ</em></strong></span> <span class='ocrx_word' id='word_1_6' title='bbox 128 505 252 588; x_wconf 69' lang='grc' dir='ltr'><strong><em>ἐγένοντο</em></strong></span> <span class='ocrx_word' id='word_1_7' title='bbox 280 508 388 587; x_wconf 81' lang='grc' dir='ltr'><strong><em>αύτοϊς</em></strong></span> <span class='ocrx_word' id='word_1_8' title='bbox 412 515 652 596; x_wconf 73' lang='grc' dir='ltr'><strong><em>σονγενομδνοις</em></strong></span> <span class='ocrx_word' id='word_1_9' title='bbox 681 513 716 578; x_wconf 79' lang='grc' dir='ltr'><strong><em>δν</em></strong></span> <span class='ocrx_word' id='word_1_10' title='bbox 750 513 999 600; x_wconf 83' lang='grc' dir='ltr'><strong><em>Τζερναμιάναυ,</em></strong></span> <span class='ocrx_word' id='word_1_11' title='bbox 1031 509 1087 578; x_wconf 79' lang='grc' dir='ltr'><strong><em>καλ</em></strong></span> <span class='ocrx_word' id='word_1_12' title='bbox 1105 512 1230 578; x_wconf 68' lang='lat' dir='ltr'><strong>dedic.</strong></span> <span class='ocrx_word' id='word_1_13' title='bbox 1244 523 1310 580; x_wconf 77' lang='lat' dir='ltr'><strong>rint</strong></span> 
     </span>
     <span class='ocr_line' id='line_1_3' title="bbox 86 604 1159 698; baseline 0.008 -30"><span class='ocrx_word' id='word_1_14' title='bbox 86 604 165 668; x_wconf 81' lang='grc' dir='ltr'><strong><em>τούτο</em></strong></span> <span class='ocrx_word' id='word_1_15' title='bbox 181 607 219 694; x_wconf 79' lang='grc' dir='ltr'><strong><em>τῇ</em></strong></span> <span class='ocrx_word' id='word_1_16' title='bbox 236 629 270 671; x_wconf 83' lang='grc' dir='ltr'><strong><em>τε</em></strong></span> <span class='ocrx_word' id='word_1_17' title='bbox 286 608 460 692; x_wconf 76' lang='grc' dir='ltr'><strong><em>Ῥωμαίων</em></strong></span> <span class='ocrx_word' id='word_1_18' title='bbox 480 611 605 696; x_wconf 71' lang='grc' dir='ltr'><strong><em>πρῶτον</em></strong></span> <span class='ocrx_word' id='word_1_19' title='bbox 625 611 850 698; x_wconf 77' lang='grc' dir='ltr'><strong><em>εὀβεβληκδναι</em></strong></span> <span class='ocrx_word' id='word_1_20' title='bbox 870 614 926 676; x_wconf 82' lang='grc' dir='ltr'><strong><em>καί</em></strong></span> <span class='ocrx_word' id='word_1_21' title='bbox 943 608 1001 677; x_wconf 83' lang='grc' dir='ltr'><strong><em>τὸν</em></strong></span> <span class='ocrx_word' id='word_1_22' title='bbox 1021 611 1159 694; x_wconf 84' lang='grc' dir='ltr'><strong><em>πόλεμον</em></strong></span> 
     </span>
     <span class='ocr_line' id='line_1_4' title="bbox 87 706 1159 797; baseline 0.007 -28"><span class='ocrx_word' id='word_1_23' title='bbox 87 707 274 789; x_wconf 72' lang='grc' dir='ltr'><strong><em>κεκινηκέναι,</em></strong></span> <span class='ocrx_word' id='word_1_24' title='bbox 308 706 409 773; x_wconf 85' lang='grc' dir='ltr'><strong><em>αύτδν</em></strong></span> <span class='ocrx_word' id='word_1_25' title='bbox 430 709 466 772; x_wconf 79' lang='grc' dir='ltr'><strong><em>δὲ</em></strong></span> <span class='ocrx_word' id='word_1_26' title='bbox 484 709 674 794; x_wconf 74' lang='grc' dir='ltr'><strong><em>μεμνῆσθαί</em></strong></span> <span class='ocrx_word' id='word_1_27' title='bbox 697 735 732 776; x_wconf 86' lang='grc' dir='ltr'><strong><em>τε</em></strong></span> <span class='ocrx_word' id='word_1_28' title='bbox 759 712 823 776; x_wconf 78' lang='grc' dir='ltr'><strong><em>τῶν</em></strong></span> <span class='ocrx_word' id='word_1_29' title='bbox 843 713 1011 797; x_wconf 71' lang='grc' dir='ltr'><strong><em>συνθηκῶν</em></strong></span> <span class='ocrx_word' id='word_1_30' title='bbox 1030 709 1086 775; x_wconf 76' lang='grc' dir='ltr'><strong><em>καὶ</em></strong></span> <span class='ocrx_word' id='word_1_31' title='bbox 1101 714 1159 793; x_wconf 83' lang='grc' dir='ltr'><strong><em>ἔμ-</em></strong></span> 
     </span>
     <span class='ocr_line' id='line_1_5' title="bbox 83 803 1159 896; baseline 0.006 -30"><span class='ocrx_word' id='word_1_32' title='bbox 83 803 175 880; x_wconf 80' lang='grc' dir='ltr'><strong><em>μένιιν</em></strong></span> <span class='ocrx_word' id='word_1_33' title='bbox 193 814 263 884; x_wconf 79' lang='grc' dir='ltr'><strong><em>ταῖς</em></strong></span> <span class='ocrx_word' id='word_1_34' title='bbox 282 807 443 884; x_wconf 77' lang='grc' dir='ltr'><strong><em>σπονδαῖς.</em></strong></span> <span class='ocrx_word' id='word_1_35' title='bbox 480 807 691 892; x_wconf 66' lang='grc' dir='ltr'><strong><em>ἀδικούμενον</em></strong></span> <span class='ocrx_word' id='word_1_36' title='bbox 721 811 757 875; x_wconf 83' lang='grc' dir='ltr'><strong><em>δὲ</em></strong></span> <span class='ocrx_word' id='word_1_37' title='bbox 778 812 835 875; x_wconf 84' lang='grc' dir='ltr'><strong><em>καί</em></strong></span> <span class='ocrx_word' id='word_1_38' title='bbox 852 809 1159 896; x_wconf 82' lang='grc' dir='ltr'><strong><em>προεπιβουλευόμε-</em></strong></span> 
     </span>
     <span class='ocr_line' id='line_1_6' title="bbox 70 899 1159 993; baseline 0.003 -23"><span class='ocrx_word' id='word_1_39' title='bbox 70 907 129 970; x_wconf 86' lang='grc' dir='ltr'><strong><em>5ναν</em></strong></span> <span class='ocrx_word' id='word_1_40' title='bbox 154 902 349 990; x_wconf 75' lang='grc' dir='ltr'><strong><em>ἀμύνεσθαι,</em></strong></span> <span class='ocrx_word' id='word_1_41' title='bbox 381 908 438 972; x_wconf 75' lang='grc' dir='ltr'><strong><em>καὶ</em></strong></span> <span class='ocrx_word' id='word_1_42' title='bbox 464 899 580 974; x_wconf 77' lang='grc' dir='ltr'><strong><em>ἀκαντα</em></strong></span> <span class='ocrx_word' id='word_1_43' title='bbox 609 909 645 984; x_wconf 78' lang='grc' dir='ltr'><strong><em>ἀς</em></strong></span> <span class='ocrx_word' id='word_1_44' title='bbox 681 905 739 975; x_wconf 85' lang='grc' dir='ltr'><strong><em>τδν</em></strong></span> <span class='ocrx_word' id='word_1_45' title='bbox 769 911 907 993; x_wconf 85' lang='grc' dir='ltr'><strong><em>πόλεμον</em></strong></span> <span class='ocrx_word' id='word_1_46' title='bbox 934 909 1159 993; x_wconf 67' lang='grc' dir='ltr'><strong><em>καθίστασθαι,</em></strong></span> 
     </span>
     <span class='ocr_line' id='line_1_7' title="bbox 82 999 1160 1096; baseline 0.011 -35"><span class='ocrx_word' id='word_1_47' title='bbox 82 1001 158 1065; x_wconf 80' lang='grc' dir='ltr'><strong><em>τούτο</em></strong></span> <span class='ocrx_word' id='word_1_48' title='bbox 169 1006 235 1086; x_wconf 78' lang='grc' dir='ltr'><strong><em>μὲν,</em></strong></span> <span class='ocrx_word' id='word_1_49' title='bbox 256 999 305 1070; x_wconf 79' lang='grc' dir='ltr'><strong><em>ὅτι</em></strong></span> <span class='ocrx_word' id='word_1_50' title='bbox 324 1001 415 1092; x_wconf 71' lang='grc' dir='ltr'><strong><em>καὶῆ</em></strong></span> <span class='ocrx_word' id='word_1_51' title='bbox 436 1001 634 1093; x_wconf 71' lang='grc' dir='ltr'><strong><em>ἑκατέρωθεν</em></strong></span> <span class='ocrx_word' id='word_1_52' title='bbox 657 1005 793 1094; x_wconf 78' lang='grc' dir='ltr'><strong><em>στρατιαὶ</em></strong></span> <span class='ocrx_word' id='word_1_53' title='bbox 809 1011 865 1096; x_wconf 76' lang='grc' dir='ltr'><strong><em>τῆς</em></strong></span> <span class='ocrx_word' id='word_1_54' title='bbox 885 1003 982 1096; x_wconf 80' lang='grc' dir='ltr'><strong><em>αύτῆς</em></strong></span> <span class='ocrx_word' id='word_1_55' title='bbox 997 1009 1060 1074; x_wconf 72' lang='lat' dir='ltr'><strong>eins</strong></span> <span class='ocrx_word' id='word_1_56' title='bbox 1078 1013 1160 1096; x_wconf 73' lang='grc' dir='ltr'><strong><em>θρη-</em></strong></span> 
     </span>
     <span class='ocr_line' id='line_1_8' title="bbox 82 1097 1159 1194; baseline 0.009 -34"><span class='ocrx_word' id='word_1_57' title='bbox 82 1099 188 1183; x_wconf 77' lang='grc' dir='ltr'><strong><em>σκείας,</em></strong></span> <span class='ocrx_word' id='word_1_58' title='bbox 209 1097 263 1180; x_wconf 82' lang='grc' dir='ltr'><strong><em>ούς</em></strong></span> <span class='ocrx_word' id='word_1_59' title='bbox 284 1099 321 1169; x_wconf 85' lang='grc' dir='ltr'><strong><em>ού</em></strong></span> <span class='ocrx_word' id='word_1_60' title='bbox 343 1101 421 1192; x_wconf 80' lang='grc' dir='ltr'><strong><em>πρὸς</em></strong></span> <span class='ocrx_word' id='word_1_61' title='bbox 444 1105 617 1192; x_wconf 74' lang='grc' dir='ltr'><strong><em>ἀλλήλους,</em></strong></span> <span class='ocrx_word' id='word_1_62' title='bbox 650 1101 731 1172; x_wconf 81' lang='grc' dir='ltr'><strong><em>ἀλλά</em></strong></span> <span class='ocrx_word' id='word_1_63' title='bbox 752 1111 822 1190; x_wconf 83' lang='grc' dir='ltr'><strong><em>μετ’</em></strong></span> <span class='ocrx_word' id='word_1_64' title='bbox 834 1107 982 1194; x_wconf 84' lang='grc' dir='ltr'><strong><em>ἀλλήλων</em></strong></span> <span class='ocrx_word' id='word_1_65' title='bbox 1008 1105 1073 1172; x_wconf 75' lang='grc' dir='ltr'><strong><em>ἔδει</em></strong></span> <span class='ocrx_word' id='word_1_66' title='bbox 1092 1113 1159 1184; x_wconf 84' lang='grc' dir='ltr'><strong><em>ταῖς</em></strong></span> 
     </span>
     <span class='ocr_line' id='line_1_9' title="bbox 81 1192 1161 1294; baseline 0.012 -34"><span class='ocrx_word' id='word_1_67' title='bbox 81 1192 212 1280; x_wconf 73' lang='grc' dir='ltr'><strong><em>ἀσεβοῦσι</em></strong></span> <span class='ocrx_word' id='word_1_68' title='bbox 231 1203 308 1292; x_wconf 74' lang='grc' dir='ltr'><strong><em>περὶ</em></strong></span> <span class='ocrx_word' id='word_1_69' title='bbox 325 1203 381 1271; x_wconf 81' lang='grc' dir='ltr'><strong><em>τὸν</em></strong></span> <span class='ocrx_word' id='word_1_70' title='bbox 399 1203 474 1272; x_wconf 79' lang='grc' dir='ltr'><strong><em>θεὸν</em></strong></span> <span class='ocrx_word' id='word_1_71' title='bbox 494 1207 670 1294; x_wconf 72' lang='grc' dir='ltr'><strong><em>βαρβάροις</em></strong></span> <span class='ocrx_word' id='word_1_72' title='bbox 689 1209 830 1274; x_wconf 78' lang='grc' dir='ltr'><strong><em>ἀπιέναι·</em></strong></span> <span class='ocrx_word' id='word_1_73' title='bbox 849 1211 946 1274; x_wconf 80' lang='grc' dir='ltr'><strong><em>τούτο</em></strong></span> <span class='ocrx_word' id='word_1_74' title='bbox 968 1209 1014 1290; x_wconf 92' lang='grc' dir='ltr'><strong><em>δ’,</em></strong></span> <span class='ocrx_word' id='word_1_75' title='bbox 1032 1203 1084 1272; x_wconf 81' lang='grc' dir='ltr'><strong><em>δτι</em></strong></span> <span class='ocrx_word' id='word_1_76' title='bbox 1104 1210 1161 1273; x_wconf 74' lang='grc' dir='ltr'><strong><em>καὶ</em></strong></span> 
     </span>
     <span class='ocr_line' id='line_1_10' title="bbox 80 1296 1159 1394; baseline 0.012 -35"><span class='ocrx_word' id='word_1_77' title='bbox 80 1296 163 1364; x_wconf 71' lang='grc' dir='ltr'><strong><em>αὐτὸν</em></strong></span> <span class='ocrx_word' id='word_1_78' title='bbox 181 1300 320 1390; x_wconf 82' lang='grc' dir='ltr'><strong><em>ἀδελφῆς</em></strong></span> <span class='ocrx_word' id='word_1_79' title='bbox 351 1296 425 1372; x_wconf 78' lang='grc' dir='ltr'><strong><em>’ὄντα</em></strong></span> <span class='ocrx_word' id='word_1_80' title='bbox 454 1304 602 1372; x_wconf 75' lang='grc' dir='ltr'><strong><em>σύνοικον</em></strong></span> <span class='ocrx_word' id='word_1_81' title='bbox 621 1311 676 1392; x_wconf 79' lang='grc' dir='ltr'><strong><em>τῆς</em></strong></span> <span class='ocrx_word' id='word_1_82' title='bbox 694 1304 815 1374; x_wconf 75' lang='grc' dir='ltr'><strong><em>ἑαυτοῦ</em></strong></span> <span class='ocrx_word' id='word_1_83' title='bbox 837 1308 877 1372; x_wconf 83' lang='grc' dir='ltr'><strong><em>οδ</em></strong></span> <span class='ocrx_word' id='word_1_84' title='bbox 897 1308 1045 1394; x_wconf 85' lang='grc' dir='ltr'><strong><em>βούλοιτο</em></strong></span> <span class='ocrx_word' id='word_1_85' title='bbox 1066 1311 1159 1372; x_wconf 79' lang='grc' dir='ltr'><strong><em>πολέ-</em></strong></span> 
     </span>
    </p>

    <p class='ocr_par' dir='ltr' id='par_1_3' title="bbox 52 1398 1191 1892">
     <span class='ocr_line' id='line_1_11' title="bbox 52 1398 1191 1499; baseline 0.013 -40"><span class='ocrx_word' id='word_1_86' title='bbox 52 1421 152 1481; x_wconf 82' lang='grc' dir='ltr'><strong><em>ιομιαν,</em></strong></span> <span class='ocrx_word' id='word_1_87' title='bbox 172 1398 250 1469; x_wconf 86' lang='grc' dir='ltr'><strong><em>ἀλλά</em></strong></span> <span class='ocrx_word' id='word_1_88' title='bbox 273 1405 368 1489; x_wconf 71' lang='lat' dir='ltr'><strong>pstor</strong></span> <span class='ocrx_word' id='word_1_89' title='bbox 387 1401 483 1489; x_wconf 76' lang='grc' dir='ltr'><strong><em>ἔχειν.</em></strong></span> <span class='ocrx_word' id='word_1_90' title='bbox 503 1402 586 1490; x_wconf 76' lang='grc' dir='ltr'><strong><em>πλὴν</em></strong></span> <span class='ocrx_word' id='word_1_91' title='bbox 605 1403 664 1474; x_wconf 70' lang='lat' dir='ltr'><strong>triv</strong></span> <span class='ocrx_word' id='word_1_92' title='bbox 682 1405 720 1473; x_wconf 82' lang='grc' dir='ltr'><strong><em>τδ</em></strong></span> <span class='ocrx_word' id='word_1_93' title='bbox 741 1405 883 1493; x_wconf 77' lang='grc' dir='ltr'><strong><em>πόλισμα</em></strong></span> <span class='ocrx_word' id='word_1_94' title='bbox 904 1403 1031 1499; x_wconf 75' lang='grc' dir='ltr'><strong><em>ἀποδῷ,</em></strong></span> <span class='ocrx_word' id='word_1_95' title='bbox 1065 1403 1191 1484; x_wconf 66' lang='grc' dir='ltr'><strong><em>ἀλα-(ἱ</em></strong></span> 
     </span>
     <span class='ocr_line' id='line_1_12' title="bbox 76 1496 1158 1597; baseline 0.012 -35"><span class='ocrx_word' id='word_1_96' title='bbox 76 1496 132 1578; x_wconf 83' lang='grc' dir='ltr'><strong><em>βύν</em></strong></span> <span class='ocrx_word' id='word_1_97' title='bbox 156 1499 220 1585; x_wconf 81' lang='grc' dir='ltr'><strong><em>ἔχει</em></strong></span> <span class='ocrx_word' id='word_1_98' title='bbox 247 1506 413 1596; x_wconf 77' lang='grc' dir='ltr'><strong><em>πραδααύρ·</em></strong></span> <span class='ocrx_word' id='word_1_99' title='bbox 443 1503 501 1572; x_wconf 86' lang='grc' dir='ltr'><strong><em>ε’ἀν</em></strong></span> <span class='ocrx_word' id='word_1_100' title='bbox 530 1509 567 1572; x_wconf 81' lang='grc' dir='ltr'><strong><em>δὲ</em></strong></span> <span class='ocrx_word' id='word_1_101' title='bbox 594 1505 640 1592; x_wconf 73' lang='grc' dir='ltr'><strong><em>μὴ</em></strong></span> <span class='ocrx_word' id='word_1_102' title='bbox 671 1507 825 1597; x_wconf 79' lang='grc' dir='ltr'><strong><em>ἀποδιδῷ,</em></strong></span> <span class='ocrx_word' id='word_1_103' title='bbox 854 1505 912 1576; x_wconf 80' lang='grc' dir='ltr'><strong><em>τὸν</em></strong></span> <span class='ocrx_word' id='word_1_104' title='bbox 934 1507 1072 1596; x_wconf 81' lang='grc' dir='ltr'><strong><em>σταυρὸν</em></strong></span> <span class='ocrx_word' id='word_1_105' title='bbox 1079 1561 1090 1592; x_wconf 89' lang='grc'><strong><em>,</em></strong></span> <span class='ocrx_word' id='word_1_106' title='bbox 1122 1505 1158 1575; x_wconf 82' lang='grc' dir='ltr'><strong><em>ὃν</em></strong></span> 
     </span>
     <span class='ocr_line' id='line_1_13' title="bbox 77 1601 1157 1695; baseline 0.014 -37"><span class='ocrx_word' id='word_1_107' title='bbox 77 1601 211 1685; x_wconf 82' lang='grc' dir='ltr'><strong><em>πρότερον</em></strong></span> <span class='ocrx_word' id='word_1_108' title='bbox 238 1604 388 1691; x_wconf 78' lang='grc' dir='ltr'><strong><em>πέπομφε</em></strong></span> <span class='ocrx_word' id='word_1_109' title='bbox 421 1602 502 1691; x_wconf 85' lang='grc' dir='ltr'><strong><em>πρὸς</em></strong></span> <span class='ocrx_word' id='word_1_110' title='bbox 533 1605 651 1690; x_wconf 87' lang='grc' dir='ltr'><strong><em>αύτδν,</em></strong></span> <span class='ocrx_word' id='word_1_111' title='bbox 683 1609 739 1674; x_wconf 74' lang='lat' dir='ltr'><strong><em>tul</em></strong></span> <span class='ocrx_word' id='word_1_112' title='bbox 764 1611 821 1694; x_wconf 78' lang='grc' dir='ltr'><strong><em>τῆς</em></strong></span> <span class='ocrx_word' id='word_1_113' title='bbox 848 1609 988 1695; x_wconf 77' lang='grc' dir='ltr'><strong><em>σημαίας</em></strong></span> <span class='ocrx_word' id='word_1_114' title='bbox 1018 1607 1157 1690; x_wconf 68' lang='grc' dir='ltr'><strong><em>ἀναθεὶς,</em></strong></span> 
     </span>
     <span class='ocr_line' id='line_1_14' title="bbox 74 1693 1157 1796; baseline 0.014 -41"><span class='ocrx_word' id='word_1_115' title='bbox 74 1693 216 1765; x_wconf 75' lang='grc' dir='ltr'><strong><em>ἐλεύσεται</em></strong></span> <span class='ocrx_word' id='word_1_116' title='bbox 235 1703 288 1770; x_wconf 72' lang='grc' dir='ltr'><strong><em>ἐπ’</em></strong></span> <span class='ocrx_word' id='word_1_117' title='bbox 302 1701 409 1769; x_wconf 75' lang='grc' dir='ltr'><strong><em>αὐτόν.</em></strong></span> <span class='ocrx_word' id='word_1_118' title='bbox 438 1703 457 1768; x_wconf 87' lang='grc' dir='ltr'><strong><em>δ</em></strong></span> <span class='ocrx_word' id='word_1_119' title='bbox 478 1703 619 1792; x_wconf 64' lang='grc' dir='ltr'><strong><em>Μιχαὴλ</em></strong></span> <span class='ocrx_word' id='word_1_120' title='bbox 640 1707 676 1771; x_wconf 77' lang='grc' dir='ltr'><strong><em>δὲ</em></strong></span> <span class='ocrx_word' id='word_1_121' title='bbox 696 1699 869 1784; x_wconf 65' lang='lat' dir='ltr'><strong>sciaticis</strong></span> <span class='ocrx_word' id='word_1_122' title='bbox 890 1705 1157 1796; x_wconf 84' lang='grc' dir='ltr'><strong><em>ἀντεπρεσβεύετα</em></strong></span> 
     </span>
     <span class='ocr_line' id='line_1_15' title="bbox 74 1795 1156 1892; baseline 0.006 -29"><span class='ocrx_word' id='word_1_123' title='bbox 74 1795 141 1880; x_wconf 77' lang='grc' dir='ltr'><strong><em>πρὸς</em></strong></span> <span class='ocrx_word' id='word_1_124' title='bbox 160 1805 315 1885; x_wconf 81' lang='grc' dir='ltr'><strong><em>βασιλέα,</em></strong></span> <span class='ocrx_word' id='word_1_125' title='bbox 336 1800 392 1870; x_wconf 80' lang='grc' dir='ltr'><strong><em>τὸν</em></strong></span> <span class='ocrx_word' id='word_1_126' title='bbox 411 1801 480 1870; x_wconf 83' lang='grc' dir='ltr'><strong><em>ἴσον</em></strong></span> <span class='ocrx_word' id='word_1_127' title='bbox 499 1804 620 1890; x_wconf 82' lang='grc' dir='ltr'><strong><em>τρόπον</em></strong></span> <span class='ocrx_word' id='word_1_128' title='bbox 641 1803 742 1870; x_wconf 84' lang='grc' dir='ltr'><strong><em>αάτύν</em></strong></span> <span class='ocrx_word' id='word_1_129' title='bbox 762 1829 798 1870; x_wconf 84' lang='grc' dir='ltr'><strong><em>τε</em></strong></span> <span class='ocrx_word' id='word_1_130' title='bbox 819 1801 903 1872; x_wconf 75' lang='grc' dir='ltr'><strong><em>εἶναι</em></strong></span> <span class='ocrx_word' id='word_1_131' title='bbox 922 1810 980 1873; x_wconf 70' lang='lat' dir='ltr'><strong><em>roe</em></strong></span> <span class='ocrx_word' id='word_1_132' title='bbox 999 1807 1156 1892; x_wconf 77' lang='grc' dir='ltr'><strong><em>σφετέρου</em></strong></span> 
     </span>
    </p>

    <p class='ocr_par' dir='ltr' id='par_1_4' title="bbox 47 1896 1185 2387">
     <span class='ocr_line' id='line_1_16' title="bbox 47 1896 1157 1992; baseline 0.013 -38"><span class='ocrx_word' id='word_1_133' title='bbox 47 1897 159 1962; x_wconf 78' lang='grc' dir='ltr'><strong><em>ιόπαῖδα</em></strong></span> <span class='ocrx_word' id='word_1_134' title='bbox 177 1899 297 1988; x_wconf 81' lang='grc' dir='ltr'><strong><em>πατρὸς</em></strong></span> <span class='ocrx_word' id='word_1_135' title='bbox 315 1906 371 1968; x_wconf 82' lang='grc' dir='ltr'><strong><em>καί</em></strong></span> <span class='ocrx_word' id='word_1_136' title='bbox 389 1900 449 1988; x_wconf 76' lang='grc' dir='ltr'><strong><em>τὴν</em></strong></span> <span class='ocrx_word' id='word_1_137' title='bbox 478 1896 582 1968; x_wconf 81' lang='grc' dir='ltr'><strong><em>αύπού</em></strong></span> <span class='ocrx_word' id='word_1_138' title='bbox 602 1903 752 1992; x_wconf 68' lang='grc' dir='ltr'><strong><em>ἀδελφήν.</em></strong></span> <span class='ocrx_word' id='word_1_139' title='bbox 785 1905 955 1992; x_wconf 73' lang='grc' dir='ltr'><strong><em>προσήκειν</em></strong></span> <span class='ocrx_word' id='word_1_140' title='bbox 976 1898 1035 1970; x_wconf 83' lang='grc' dir='ltr'><strong><em>σύν</em></strong></span> <span class='ocrx_word' id='word_1_141' title='bbox 1055 1902 1157 1968; x_wconf 84' lang='grc' dir='ltr'><strong><em>αάτὸν</em></strong></span> 
     </span>
     <span class='ocr_line' id='line_1_17' title="bbox 70 1993 1156 2092; baseline 0.007 -32"><span class='ocrx_word' id='word_1_142' title='bbox 70 1993 119 2080; x_wconf 72' lang='grc' dir='ltr'><strong><em>τήν</em></strong></span> <span class='ocrx_word' id='word_1_143' title='bbox 134 2000 283 2090; x_wconf 79' lang='grc' dir='ltr'><strong><em>πατρῴαν</em></strong></span> <span class='ocrx_word' id='word_1_144' title='bbox 310 2001 426 2088; x_wconf 79' lang='grc' dir='ltr'><strong><em>ἔχοντα</em></strong></span> <span class='ocrx_word' id='word_1_145' title='bbox 451 2003 560 2070; x_wconf 83' lang='grc' dir='ltr'><strong><em>ποῖσαν</em></strong></span> <span class='ocrx_word' id='word_1_146' title='bbox 579 1997 700 2090; x_wconf 70' lang='grc' dir='ltr'><strong><em>ἀρχὴν,</em></strong></span> <span class='ocrx_word' id='word_1_147' title='bbox 730 2003 787 2070; x_wconf 81' lang='grc' dir='ltr'><strong><em>καλ</em></strong></span> <span class='ocrx_word' id='word_1_148' title='bbox 811 2003 870 2091; x_wconf 76' lang='grc' dir='ltr'><strong><em>τὴν</em></strong></span> <span class='ocrx_word' id='word_1_149' title='bbox 896 2002 1046 2092; x_wconf 76' lang='grc' dir='ltr'><strong><em>,ἀδελφὴν</em></strong></span> <span class='ocrx_word' id='word_1_150' title='bbox 1074 1999 1156 2068; x_wconf 86' lang='grc' dir='ltr'><strong><em>κατά</em></strong></span> 
     </span>
     <span class='ocr_line' id='line_1_18' title="bbox 69 2091 1156 2192; baseline 0.009 -34"><span class='ocrx_word' id='word_1_151' title='bbox 69 2091 114 2160; x_wconf 80' lang='grc' dir='ltr'><strong><em>τὸν</em></strong></span> <span class='ocrx_word' id='word_1_152' title='bbox 138 2103 194 2164; x_wconf 83' lang='grc' dir='ltr'><strong><em>τού</em></strong></span> <span class='ocrx_word' id='word_1_153' title='bbox 220 2103 350 2168; x_wconf 77' lang='grc' dir='ltr'><strong><em>δικαίου</em></strong></span> <span class='ocrx_word' id='word_1_154' title='bbox 372 2101 465 2187; x_wconf 78' lang='grc' dir='ltr'><strong><em>λόγον</em></strong></span> <span class='ocrx_word' id='word_1_155' title='bbox 490 2103 608 2188; x_wconf 74' lang='grc' dir='ltr'><strong><em>μέρους</em></strong></span> <span class='ocrx_word' id='word_1_156' title='bbox 628 2101 716 2179; x_wconf 81' lang='grc' dir='ltr'><strong><em>τινὸς</em></strong></span> <span class='ocrx_word' id='word_1_157' title='bbox 741 2105 806 2170; x_wconf 77' lang='grc' dir='ltr'><strong><em>τῶν</em></strong></span> <span class='ocrx_word' id='word_1_158' title='bbox 826 2103 981 2192; x_wconf 77' lang='grc' dir='ltr'><strong><em>πατρῴαν</em></strong></span> <span class='ocrx_word' id='word_1_159' title='bbox 1007 2109 1156 2188; x_wconf 80' lang='grc' dir='ltr'><strong><em>κληρονο-</em></strong></span> 
     </span>
     <span class='ocr_line' id='line_1_19' title="bbox 67 2195 1155 2289; baseline 0.007 -31"><span class='ocrx_word' id='word_1_160' title='bbox 67 2204 137 2274; x_wconf 80' lang='grc' dir='ltr'><strong><em>μεῖν.</em></strong></span> <span class='ocrx_word' id='word_1_161' title='bbox 157 2195 175 2262; x_wconf 87' lang='grc' dir='ltr'><strong><em>δ</em></strong></span> <span class='ocrx_word' id='word_1_162' title='bbox 193 2197 349 2284; x_wconf 86' lang='grc' dir='ltr'><strong><em>βασιλεύς</em></strong></span> <span class='ocrx_word' id='word_1_163' title='bbox 370 2203 405 2268; x_wconf 84' lang='grc' dir='ltr'><strong><em>δὲ</em></strong></span> <span class='ocrx_word' id='word_1_164' title='bbox 427 2199 483 2267; x_wconf 77' lang='grc' dir='ltr'><strong><em>καὶ</em></strong></span> <span class='ocrx_word' id='word_1_165' title='bbox 502 2199 586 2267; x_wconf 80' lang='grc' dir='ltr'><strong><em>πάνυ</em></strong></span> <span class='ocrx_word' id='word_1_166' title='bbox 606 2198 783 2285; x_wconf 75' lang='grc' dir='ltr'><strong><em>βούλεσθαι</em></strong></span> <span class='ocrx_word' id='word_1_167' title='bbox 804 2205 896 2268; x_wconf 77' lang='grc' dir='ltr'><strong><em>τούτο</em></strong></span> <span class='ocrx_word' id='word_1_168' title='bbox 920 2200 1001 2289; x_wconf 75' lang='grc' dir='ltr'><strong><em>ἔφη,</em></strong></span> <span class='ocrx_word' id='word_1_169' title='bbox 1037 2203 1092 2266; x_wconf 83' lang='grc' dir='ltr'><strong><em>καδ</em></strong></span> <span class='ocrx_word' id='word_1_170' title='bbox 1110 2197 1155 2286; x_wconf 75' lang='grc' dir='ltr'><strong><em>μὴ</em></strong></span> 
     </span>
     <span class='ocr_line' id='line_1_20' title="bbox 68 2289 1185 2387; baseline 0.005 -29"><span class='ocrx_word' id='word_1_171' title='bbox 68 2294 153 2374; x_wconf 83' lang='grc' dir='ltr'><strong><em>μόνον</em></strong></span> <span class='ocrx_word' id='word_1_172' title='bbox 171 2289 205 2364; x_wconf 83' lang='grc' dir='ltr'><strong><em>τύ</em></strong></span> <span class='ocrx_word' id='word_1_173' title='bbox 227 2303 393 2367; x_wconf 80' lang='grc' dir='ltr'><strong><em>Βαυκέλαυ</em></strong></span> <span class='ocrx_word' id='word_1_174' title='bbox 414 2300 555 2384; x_wconf 81' lang='grc' dir='ltr'><strong><em>πόλισμα</em></strong></span> <span class='ocrx_word' id='word_1_175' title='bbox 562 2353 573 2384; x_wconf 93' lang='grc'><strong><em>,</em></strong></span> <span class='ocrx_word' id='word_1_176' title='bbox 595 2296 677 2366; x_wconf 84' lang='grc' dir='ltr'><strong><em>ἀλλά</em></strong></span> <span class='ocrx_word' id='word_1_177' title='bbox 698 2299 755 2366; x_wconf 77' lang='grc' dir='ltr'><strong><em>καί</em></strong></span> <span class='ocrx_word' id='word_1_178' title='bbox 773 2301 882 2379; x_wconf 87' lang='grc' dir='ltr'><strong><em>πόλεις</em></strong></span> <span class='ocrx_word' id='word_1_179' title='bbox 903 2297 1014 2387; x_wconf 76' lang='grc' dir='ltr'><strong><em>ἓτύρας</em></strong></span> <span class='ocrx_word' id='word_1_180' title='bbox 1034 2299 1078 2377; x_wconf 75' lang='grc' dir='ltr'><strong><em>ἀς</em></strong></span> <span class='ocrx_word' id='word_1_181' title='bbox 1098 2303 1157 2366; x_wconf 85' lang='grc' dir='ltr'><strong><em>τού</em></strong></span> <span class='ocrx_word' id='word_1_182' title='bbox 1184 2369 1185 2372; x_wconf 11' lang='lat'>¹</span> 
     </span>
    </p>

    <p class='ocr_par' dir='ltr' id='par_1_5' title="bbox 36 2395 1250 2889">
     <span class='ocr_line' id='line_1_21' title="bbox 36 2395 1185 2490; baseline -0.001 -27"><span class='ocrx_word' id='word_1_183' title='bbox 36 2395 200 2486; x_wconf 78' lang='grc' dir='ltr'><strong><em>οοιιατρῴαυ</em></strong></span> <span class='ocrx_word' id='word_1_184' title='bbox 233 2397 351 2488; x_wconf 71' lang='grc' dir='ltr'><strong><em>κλήρου</em></strong></span> <span class='ocrx_word' id='word_1_185' title='bbox 384 2398 440 2466; x_wconf 77' lang='grc' dir='ltr'><strong><em>καὶ</em></strong></span> <span class='ocrx_word' id='word_1_186' title='bbox 468 2396 557 2490; x_wconf 76' lang='grc' dir='ltr'><strong><em>αύτῷ</em></strong></span> <span class='ocrx_word' id='word_1_187' title='bbox 591 2402 823 2484; x_wconf 78' lang='grc' dir='ltr'><strong><em>συμμετέχονιι</em></strong></span> <span class='ocrx_word' id='word_1_188' title='bbox 852 2409 1041 2488; x_wconf 82' lang='grc' dir='ltr'><strong><em>παρασχεῖν</em></strong></span> <span class='ocrx_word' id='word_1_189' title='bbox 1070 2397 1185 2484; x_wconf 76' lang='grc' dir='ltr'><strong><em>πλὴνῠ</em></strong></span> 
     </span>
     <span class='ocr_line' id='line_1_22' title="bbox 68 2489 1250 2586; baseline 0.013 -31"><span class='ocrx_word' id='word_1_190' title='bbox 68 2494 135 2560; x_wconf 77' lang='lat' dir='ltr'><strong>rarsi</strong></span> <span class='ocrx_word' id='word_1_191' title='bbox 155 2494 212 2562; x_wconf 84' lang='grc' dir='ltr'><strong><em>τδν</em></strong></span> <span class='ocrx_word' id='word_1_192' title='bbox 232 2489 358 2564; x_wconf 74' lang='grc' dir='ltr'><strong><em>ἀνωθεν</em></strong></span> <span class='ocrx_word' id='word_1_193' title='bbox 379 2499 637 2586; x_wconf 80' lang='grc' dir='ltr'><strong><em>ἐπικρατήσαντα</em></strong></span> <span class='ocrx_word' id='word_1_194' title='bbox 661 2499 840 2584; x_wconf 77' lang='grc' dir='ltr'><strong><em>Ῥωμαίοις</em></strong></span> <span class='ocrx_word' id='word_1_195' title='bbox 870 2496 977 2585; x_wconf 82' lang='grc' dir='ltr'><strong><em>νόμον.</em></strong></span> <span class='ocrx_word' id='word_1_196' title='bbox 1007 2491 1098 2574; x_wconf 74' lang='grc' dir='ltr'><strong><em>οὗτος</em></strong></span> <span class='ocrx_word' id='word_1_197' title='bbox 1119 2498 1250 2572; x_wconf 57' lang='grc' dir='ltr'><strong><em>δέεσθε</em></strong></span> 
     </span>
     <span class='ocr_line' id='line_1_23' title="bbox 64 2593 1180 2686; baseline 0.008 -32"><span class='ocrx_word' id='word_1_198' title='bbox 64 2593 140 2677; x_wconf 75' lang='grc' dir='ltr'><strong><em>ἐστι,</em></strong></span> <span class='ocrx_word' id='word_1_199' title='bbox 166 2595 202 2662; x_wconf 81' lang='grc' dir='ltr'><strong><em>αδ</em></strong></span> <span class='ocrx_word' id='word_1_200' title='bbox 222 2599 287 2663; x_wconf 69' lang='grc' dir='ltr'><strong><em>τοῖν</em></strong></span> <span class='ocrx_word' id='word_1_201' title='bbox 307 2599 431 2663; x_wconf 74' lang='grc' dir='ltr'><strong><em>παίδων</em></strong></span> <span class='ocrx_word' id='word_1_202' title='bbox 449 2601 608 2682; x_wconf 82' lang='grc' dir='ltr'><strong><em>βασιλέως</em></strong></span> <span class='ocrx_word' id='word_1_203' title='bbox 625 2598 680 2667; x_wconf 79' lang='grc' dir='ltr'><strong><em>τὸν</em></strong></span> <span class='ocrx_word' id='word_1_204' title='bbox 701 2599 964 2686; x_wconf 79' lang='grc' dir='ltr'><strong><em>μὲνπραήκοντα</em></strong></span> <span class='ocrx_word' id='word_1_205' title='bbox 983 2603 1029 2686; x_wconf 76' lang='grc' dir='ltr'><strong><em>τῷ</em></strong></span> <span class='ocrx_word' id='word_1_206' title='bbox 1047 2597 1154 2686; x_wconf 75' lang='grc' dir='ltr'><strong><em>χρόνῳ</em></strong></span> <span class='ocrx_word' id='word_1_207' title='bbox 1176 2603 1180 2612; x_wconf 76' lang='grc'><em>’</em></span> 
     </span>
     <span class='ocr_line' id='line_1_24' title="bbox 69 2691 1152 2786; baseline 0.006 -28"><span class='ocrx_word' id='word_1_208' title='bbox 69 2697 192 2772; x_wconf 78' lang='grc' dir='ltr'><strong><em>βασιλέα</em></strong></span> <span class='ocrx_word' id='word_1_209' title='bbox 212 2720 250 2762; x_wconf 85' lang='grc' dir='ltr'><strong><em>τε</em></strong></span> <span class='ocrx_word' id='word_1_210' title='bbox 266 2697 517 2783; x_wconf 67' lang='grc' dir='ltr'><strong><em>ἀναγορεύεσθαι</em></strong></span> <span class='ocrx_word' id='word_1_211' title='bbox 537 2699 595 2766; x_wconf 82' lang='grc' dir='ltr'>καί</span> <span class='ocrx_word' id='word_1_212' title='bbox 607 2702 671 2766; x_wconf 76' lang='grc' dir='ltr'><strong><em>τῶν</em></strong></span> <span class='ocrx_word' id='word_1_213' title='bbox 684 2692 790 2768; x_wconf 70' lang='grc' dir='ltr'><strong><em>ἀλλον</em></strong></span> <span class='ocrx_word' id='word_1_214' title='bbox 811 2692 934 2786; x_wconf 72' lang='grc' dir='ltr'><strong><em>ἄρχειν,</em></strong></span> <span class='ocrx_word' id='word_1_215' title='bbox 953 2697 1026 2776; x_wconf 83' lang='grc' dir='ltr'><strong><em>’πούς</em></strong></span> <span class='ocrx_word' id='word_1_216' title='bbox 1046 2701 1077 2764; x_wconf 91' lang='grc' dir='ltr'><strong><em>δ’</em></strong></span> <span class='ocrx_word' id='word_1_217' title='bbox 1096 2691 1152 2764; x_wconf 77' lang='grc' dir='ltr'><strong><em>ἀλ-</em></strong></span> 
     </span>
     <span class='ocr_line' id='line_1_25' title="bbox 67 2793 1153 2889; baseline 0.008 -34"><span class='ocrx_word' id='word_1_218' title='bbox 67 2795 319 2884; x_wconf 81' lang='grc' dir='ltr'><strong><em>λουςάδελφαύς</em></strong></span> <span class='ocrx_word' id='word_1_219' title='bbox 339 2793 478 2863; x_wconf 84' lang='grc' dir='ltr'><strong><em>ύπεύιειν</em></strong></span> <span class='ocrx_word' id='word_1_220' title='bbox 490 2821 525 2864; x_wconf 85' lang='lat' dir='ltr'><strong><em>re</em></strong></span> <span class='ocrx_word' id='word_1_221' title='bbox 544 2803 591 2888; x_wconf 76' lang='grc' dir='ltr'><strong><em>τῷ</em></strong></span> <span class='ocrx_word' id='word_1_222' title='bbox 608 2797 724 2889; x_wconf 76' lang='grc' dir='ltr'><strong><em>προύτιρ</em></strong></span> <span class='ocrx_word' id='word_1_223' title='bbox 744 2798 802 2864; x_wconf 77' lang='grc' dir='ltr'><strong><em>καὶ</em></strong></span> <span class='ocrx_word' id='word_1_224' title='bbox 823 2797 985 2864; x_wconf 81' lang='grc' dir='ltr'><strong><em>δουλεύειν</em></strong></span> <span class='ocrx_word' id='word_1_225' title='bbox 1004 2797 1153 2884; x_wconf 80' lang='grc' dir='ltr'><strong><em>ἀκριβῶς.</em></strong></span> 
     </span>
    </p>

    <p class='ocr_par' dir='ltr' id='par_1_6' title="bbox 120 2915 1151 3044">
     <span class='ocr_line' id='line_1_26' title="bbox 120 2915 1151 3044; baseline 0.004 -74"><span class='ocrx_word' id='word_1_226' title='bbox 120 2918 144 2970; x_wconf 77' lang='lat' dir='ltr'><strong>d</strong></span> <span class='ocrx_word' id='word_1_227' title='bbox 163 2917 423 3044; x_wconf 50' lang='lat' dir='ltr'><strong>MendosEeDirp&#39;MS.</strong></span> <span class='ocrx_word' id='word_1_228' title='bbox 434 2920 522 2990; x_wconf 87' lang='lat' dir='ltr'><strong>Iatpr.</strong></span> <span class='ocrx_word' id='word_1_229' title='bbox 532 2918 658 2991; x_wconf 70' lang='grc' dir='ltr'><strong><em>Θρςλειιει</em></strong></span> <span class='ocrx_word' id='word_1_230' title='bbox 678 2921 748 2992; x_wconf 77' lang='lat' dir='ltr'><strong>qaia</strong></span> <span class='ocrx_word' id='word_1_231' title='bbox 765 2931 882 2991; x_wconf 68' lang='lat' dir='ltr'><strong>neterque</strong></span> <span class='ocrx_word' id='word_1_232' title='bbox 900 2919 1040 2976; x_wconf 73' lang='lat' dir='ltr'><strong>errrotrsu</strong></span> <span class='ocrx_word' id='word_1_233' title='bbox 1060 2915 1151 2974; x_wconf 73' lang='grc' dir='ltr'><strong><em>Τδαα·</em></strong></span> 
     </span>
     <span class='ocr_line' id='line_1_27' title="bbox 120 3001 369 3044; baseline 0.012 -3"><span class='ocrx_word' id='word_1_234' title='bbox 120 3005 162 3043; x_wconf 80' lang='grc' dir='ltr'><strong><em>εει</em></strong></span> <span class='ocrx_word' id='word_1_235' title='bbox 178 3001 246 3044; x_wconf 81' lang='lat' dir='ltr'><strong>sant.</strong></span> <span class='ocrx_word' id='word_1_236' title='bbox 318 3027 325 3042; x_wconf 90' lang='lat'><strong>.</strong></span> <span class='ocrx_word' id='word_1_237' title='bbox 361 3027 369 3044; x_wconf 85' lang='lat'><strong>.</strong></span> 
     </span>
    </p>
   </div>
   <div class='ocr_carea' id='block_1_3' title="bbox 49 3091 1150 4367">
    <p class='ocr_par' dir='ltr' id='par_1_7' title="bbox 49 3091 1150 4367">
     <span class='ocr_line' id='line_1_28' title="bbox 61 3091 1150 3165; baseline 0.008 -30"><span class='ocrx_word' id='word_1_238' title='bbox 61 3091 207 3144; x_wconf 78' lang='lat' dir='ltr'><strong>rromlanum</strong></span> <span class='ocrx_word' id='word_1_239' title='bbox 225 3091 387 3158; x_wconf 74' lang='lat' dir='ltr'><strong>dedissent,</strong></span> <span class='ocrx_word' id='word_1_240' title='bbox 407 3092 550 3145; x_wconf 78' lang='lat' dir='ltr'><strong>oblivione</strong></span> <span class='ocrx_word' id='word_1_241' title='bbox 571 3097 695 3162; x_wconf 81' lang='lat' dir='ltr'><strong>captam,</strong></span> <span class='ocrx_word' id='word_1_242' title='bbox 712 3097 797 3165; x_wconf 84' lang='lat' dir='ltr'><strong>atque</strong></span> <span class='ocrx_word' id='word_1_243' title='bbox 814 3091 878 3146; x_wconf 88' lang='lat' dir='ltr'><strong>ideo</strong></span> <span class='ocrx_word' id='word_1_244' title='bbox 894 3100 923 3147; x_wconf 88' lang='lat' dir='ltr'><strong><em>et</em></strong></span> <span class='ocrx_word' id='word_1_245' title='bbox 940 3093 1088 3146; x_wconf 83' lang='lat' dir='ltr'><strong>liemanaar</strong></span> <span class='ocrx_word' id='word_1_246' title='bbox 1105 3107 1150 3144; x_wconf 89' lang='lat' dir='ltr'><strong><em>re-</em></strong></span> 
     </span>
     <span class='ocr_line' id='line_1_29' title="bbox 59 3159 1148 3234; baseline 0.008 -27"><span class='ocrx_word' id='word_1_247' title='bbox 59 3159 157 3224; x_wconf 76' lang='lat' dir='ltr'><strong>gionem</strong></span> <span class='ocrx_word' id='word_1_248' title='bbox 174 3165 328 3216; x_wconf 76' lang='lat' dir='ltr'><strong>incursasse</strong></span> <span class='ocrx_word' id='word_1_249' title='bbox 345 3173 374 3216; x_wconf 88' lang='lat' dir='ltr'><strong><em>et</em></strong></span> <span class='ocrx_word' id='word_1_250' title='bbox 387 3163 494 3216; x_wconf 86' lang='lat' dir='ltr'><strong>bellum</strong></span> <span class='ocrx_word' id='word_1_251' title='bbox 509 3163 705 3216; x_wconf 86' lang='lat' dir='ltr'><strong>commovisse:</strong></span> <span class='ocrx_word' id='word_1_252' title='bbox 724 3181 753 3216; x_wconf 88' lang='lat' dir='ltr'><strong><em>se</em></strong></span> <span class='ocrx_word' id='word_1_253' title='bbox 766 3171 908 3234; x_wconf 77' lang='lat' dir='ltr'><strong>pactorum</strong></span> <span class='ocrx_word' id='word_1_254' title='bbox 926 3163 1084 3216; x_wconf 74' lang='lat' dir='ltr'><strong>meminisse</strong></span> <span class='ocrx_word' id='word_1_255' title='bbox 1096 3181 1148 3216; x_wconf 88' lang='lat' dir='ltr'><strong><em>nec</em></strong></span> 
     </span>
     <span class='ocr_line' id='line_1_30' title="bbox 59 3233 1148 3307; baseline 0.004 -25"><span class='ocrx_word' id='word_1_256' title='bbox 59 3245 86 3278; x_wconf 76' lang='lat' dir='ltr'><strong>ro</strong></span> <span class='ocrx_word' id='word_1_257' title='bbox 104 3239 251 3286; x_wconf 86' lang='lat' dir='ltr'><strong>temerare:</strong></span> <span class='ocrx_word' id='word_1_258' title='bbox 270 3233 319 3288; x_wconf 90' lang='lat' dir='ltr'><strong><em>sed</em></strong></span> <span class='ocrx_word' id='word_1_259' title='bbox 339 3235 435 3307; x_wconf 85' lang='lat' dir='ltr'><strong>inique</strong></span> <span class='ocrx_word' id='word_1_260' title='bbox 453 3235 558 3286; x_wconf 88' lang='lat' dir='ltr'><strong>laesum</strong></span> <span class='ocrx_word' id='word_1_261' title='bbox 573 3235 749 3306; x_wconf 79' lang='lat' dir='ltr'>prioremque</span> <span class='ocrx_word' id='word_1_262' title='bbox 767 3235 877 3288; x_wconf 87' lang='lat' dir='ltr'><strong>insidiis</strong></span> <span class='ocrx_word' id='word_1_263' title='bbox 892 3236 1058 3305; x_wconf 80' lang='lat' dir='ltr'><strong>appetitum,</strong></span> <span class='ocrx_word' id='word_1_264' title='bbox 1075 3233 1148 3286; x_wconf 84' lang='lat' dir='ltr'><strong>velle</strong></span> 
     </span>
     <span class='ocr_line' id='line_1_31' title="bbox 56 3303 1147 3376; baseline 0.006 -26"><span class='ocrx_word' id='word_1_265' title='bbox 56 3305 182 3357; x_wconf 81' lang='lat' dir='ltr'><strong>aserim</strong></span> <span class='ocrx_word' id='word_1_266' title='bbox 206 3321 299 3358; x_wconf 86' lang='lat' dir='ltr'><strong>arcere</strong></span> <span class='ocrx_word' id='word_1_267' title='bbox 316 3321 347 3358; x_wconf 86' lang='lat' dir='ltr'><strong><em>ac</em></strong></span> <span class='ocrx_word' id='word_1_268' title='bbox 365 3306 524 3375; x_wconf 83' lang='lat' dir='ltr'><strong>depellere,</strong></span> <span class='ocrx_word' id='word_1_269' title='bbox 544 3315 573 3358; x_wconf 91' lang='lat' dir='ltr'><strong><em>et</em></strong></span> <span class='ocrx_word' id='word_1_270' title='bbox 590 3303 706 3356; x_wconf 88' lang='lat' dir='ltr'><strong>invitum</strong></span> <span class='ocrx_word' id='word_1_271' title='bbox 727 3305 762 3358; x_wconf 85' lang='lat' dir='ltr'><strong><em>ad</em></strong></span> <span class='ocrx_word' id='word_1_272' title='bbox 780 3305 835 3358; x_wconf 88' lang='lat' dir='ltr'><strong>lroc</strong></span> <span class='ocrx_word' id='word_1_273' title='bbox 853 3307 991 3376; x_wconf 81' lang='lat' dir='ltr'><strong>proelium</strong></span> <span class='ocrx_word' id='word_1_274' title='bbox 1007 3305 1096 3373; x_wconf 81' lang='lat' dir='ltr'><strong>adigi:</strong></span> <span class='ocrx_word' id='word_1_275' title='bbox 1116 3311 1147 3357; x_wconf 88' lang='lat' dir='ltr'><strong><em>et</em></strong></span> 
     </span>
     <span class='ocr_line' id='line_1_32' title="bbox 57 3373 1144 3448; baseline 0.007 -28"><span class='ocrx_word' id='word_1_276' title='bbox 57 3373 116 3439; x_wconf 79' lang='lat' dir='ltr'><strong>quia</strong></span> <span class='ocrx_word' id='word_1_277' title='bbox 130 3383 248 3448; x_wconf 84' lang='lat' dir='ltr'><strong>uterque</strong></span> <span class='ocrx_word' id='word_1_278' title='bbox 264 3377 397 3444; x_wconf 71' lang='lat' dir='ltr'><strong>exercitus</strong></span> <span class='ocrx_word' id='word_1_279' title='bbox 412 3375 527 3430; x_wconf 85' lang='lat' dir='ltr'><strong>eandem</strong></span> <span class='ocrx_word' id='word_1_280' title='bbox 538 3375 700 3446; x_wconf 72' lang='lat' dir='ltr'><strong>religionem</strong></span> <span class='ocrx_word' id='word_1_281' title='bbox 710 3383 838 3440; x_wconf 80' lang='lat' dir='ltr'><strong>sectetur,</strong></span> <span class='ocrx_word' id='word_1_282' title='bbox 853 3395 921 3448; x_wconf 82' lang='lat' dir='ltr'><strong>quoe</strong></span> <span class='ocrx_word' id='word_1_283' title='bbox 932 3393 987 3430; x_wconf 87' lang='lat' dir='ltr'><strong><em>non</em></strong></span> <span class='ocrx_word' id='word_1_284' title='bbox 1000 3394 1028 3429; x_wconf 84' lang='lat' dir='ltr'><strong><em>se</em></strong></span> <span class='ocrx_word' id='word_1_285' title='bbox 1037 3383 1144 3440; x_wconf 87' lang='lat' dir='ltr'><strong>mutuo,</strong></span> 
     </span>
     <span class='ocr_line' id='line_1_33' title="bbox 55 3441 1145 3519; baseline 0.008 -30"><span class='ocrx_word' id='word_1_286' title='bbox 55 3441 98 3492; x_wconf 86' lang='lat' dir='ltr'><strong><em>scd</em></strong></span> <span class='ocrx_word' id='word_1_287' title='bbox 112 3445 227 3499; x_wconf 85' lang='lat' dir='ltr'><strong>iunctim</strong></span> <span class='ocrx_word' id='word_1_288' title='bbox 241 3447 341 3516; x_wconf 82' lang='lat' dir='ltr'><strong>impios</strong></span> <span class='ocrx_word' id='word_1_289' title='bbox 351 3447 380 3498; x_wconf 89' lang='lat' dir='ltr'><strong>in</strong></span> <span class='ocrx_word' id='word_1_290' title='bbox 391 3449 479 3500; x_wconf 89' lang='lat' dir='ltr'><strong>Deum</strong></span> <span class='ocrx_word' id='word_1_291' title='bbox 488 3447 617 3500; x_wconf 81' lang='lat' dir='ltr'><strong>barbaros</strong></span> <span class='ocrx_word' id='word_1_292' title='bbox 630 3447 711 3500; x_wconf 85' lang='lat' dir='ltr'><strong>armis</strong></span> <span class='ocrx_word' id='word_1_293' title='bbox 721 3447 854 3502; x_wconf 85' lang='lat' dir='ltr'><strong>lacessere</strong></span> <span class='ocrx_word' id='word_1_294' title='bbox 867 3455 1022 3519; x_wconf 75' lang='lat' dir='ltr'><strong>oporteret,</strong></span> <span class='ocrx_word' id='word_1_295' title='bbox 1041 3448 1145 3518; x_wconf 87' lang='lat' dir='ltr'><strong>etquia</strong></span> 
     </span>
     <span class='ocr_line' id='line_1_34' title="bbox 55 3517 1148 3590; baseline 0.008 -30"><span class='ocrx_word' id='word_1_296' title='bbox 55 3529 123 3565; x_wconf 84' lang='lat' dir='ltr'><strong>soror</strong></span> <span class='ocrx_word' id='word_1_297' title='bbox 138 3533 187 3568; x_wconf 81' lang='lat' dir='ltr'><strong><em>sua</em></strong></span> <span class='ocrx_word' id='word_1_298' title='bbox 200 3535 260 3568; x_wconf 88' lang='lat' dir='ltr'><strong>curn</strong></span> <span class='ocrx_word' id='word_1_299' title='bbox 272 3535 305 3571; x_wconf 90' lang='lat' dir='ltr'><strong><em>eo</em></strong></span> <span class='ocrx_word' id='word_1_300' title='bbox 315 3519 456 3588; x_wconf 84' lang='lat' dir='ltr'><strong>nuptasit,</strong></span> <span class='ocrx_word' id='word_1_301' title='bbox 472 3535 553 3590; x_wconf 77' lang='lat' dir='ltr'><strong>quem</strong></span> <span class='ocrx_word' id='word_1_302' title='bbox 568 3517 685 3588; x_wconf 87' lang='lat' dir='ltr'><strong>proinde</strong></span> <span class='ocrx_word' id='word_1_303' title='bbox 696 3519 815 3570; x_wconf 85' lang='lat' dir='ltr'><strong>amicum</strong></span> <span class='ocrx_word' id='word_1_304' title='bbox 825 3518 891 3583; x_wconf 90' lang='lat' dir='ltr'><strong>sibi,</strong></span> <span class='ocrx_word' id='word_1_305' title='bbox 908 3537 965 3572; x_wconf 91' lang='lat' dir='ltr'><strong><em>non</em></strong></span> <span class='ocrx_word' id='word_1_306' title='bbox 979 3517 1088 3571; x_wconf 88' lang='lat' dir='ltr'><strong>hostem</strong></span> <span class='ocrx_word' id='word_1_307' title='bbox 1099 3536 1148 3569; x_wconf 90' lang='lat' dir='ltr'><strong><em>cu-</em></strong></span> 
     </span>
     <span class='ocr_line' id='line_1_35' title="bbox 54 3583 1145 3660; baseline 0.007 -26"><span class='ocrx_word' id='word_1_308' title='bbox 54 3583 119 3649; x_wconf 72' lang='lat' dir='ltr'><strong>piat,</strong></span> <span class='ocrx_word' id='word_1_309' title='bbox 141 3587 290 3641; x_wconf 85' lang='lat' dir='ltr'><strong>dnmmodo</strong></span> <span class='ocrx_word' id='word_1_310' title='bbox 313 3587 443 3658; x_wconf 79' lang='lat' dir='ltr'><strong>oppidum</strong></span> <span class='ocrx_word' id='word_1_311' title='bbox 459 3587 619 3660; x_wconf 89' lang='lat' dir='ltr'><strong>proditione</strong></span> <span class='ocrx_word' id='word_1_312' title='bbox 634 3597 795 3660; x_wconf 74' lang='lat' dir='ltr'><strong>occupatum</strong></span> <span class='ocrx_word' id='word_1_313' title='bbox 818 3593 960 3643; x_wconf 84' lang='lat' dir='ltr'><strong>restituat:</strong></span> <span class='ocrx_word' id='word_1_314' title='bbox 988 3591 1029 3641; x_wconf 90' lang='lat' dir='ltr'><strong>sin</strong></span> <span class='ocrx_word' id='word_1_315' title='bbox 1044 3590 1145 3652; x_wconf 87' lang='lat' dir='ltr'><strong>minus,</strong></span> 
     </span>
     <span class='ocr_line' id='line_1_36' title="bbox 54 3659 1145 3729; baseline 0.009 -27"><span class='ocrx_word' id='word_1_316' title='bbox 54 3670 109 3703; x_wconf 87' lang='lat' dir='ltr'><strong><em>cum</em></strong></span> <span class='ocrx_word' id='word_1_317' title='bbox 119 3673 209 3721; x_wconf 84' lang='lat' dir='ltr'><strong>eruce,</strong></span> <span class='ocrx_word' id='word_1_318' title='bbox 247 3675 309 3710; x_wconf 87' lang='lat' dir='ltr'><strong><em>uam</em></strong></span> <span class='ocrx_word' id='word_1_319' title='bbox 321 3665 402 3713; x_wconf 85' lang='lat' dir='ltr'><strong>antea</strong></span> <span class='ocrx_word' id='word_1_320' title='bbox 417 3659 452 3712; x_wconf 85' lang='lat' dir='ltr'><strong><em>ob</em></strong></span> <span class='ocrx_word' id='word_1_321' title='bbox 463 3659 613 3714; x_wconf 83' lang='lat' dir='ltr'><strong>comissam</strong></span> <span class='ocrx_word' id='word_1_322' title='bbox 624 3662 768 3729; x_wconf 82' lang='lat' dir='ltr'><strong>acceperit,</strong></span> <span class='ocrx_word' id='word_1_323' title='bbox 787 3661 817 3712; x_wconf 91' lang='lat' dir='ltr'><strong>in</strong></span> <span class='ocrx_word' id='word_1_324' title='bbox 832 3677 936 3714; x_wconf 85' lang='lat' dir='ltr'><strong>summo</strong></span> <span class='ocrx_word' id='word_1_325' title='bbox 950 3660 1045 3712; x_wconf 82' lang='lat' dir='ltr'><strong>vexilli</strong></span> <span class='ocrx_word' id='word_1_326' title='bbox 1057 3661 1145 3712; x_wconf 90' lang='lat' dir='ltr'><strong>collo-</strong></span> 
     </span>
     <span class='ocr_line' id='line_1_37' title="bbox 52 3727 1146 3801; baseline 0.005 -27"><span class='ocrx_word' id='word_1_327' title='bbox 52 3733 124 3790; x_wconf 78' lang='lat' dir='ltr'><strong>cata,</strong></span> <span class='ocrx_word' id='word_1_328' title='bbox 140 3727 221 3780; x_wconf 84' lang='lat' dir='ltr'><strong>illurn</strong></span> <span class='ocrx_word' id='word_1_329' title='bbox 230 3746 397 3789; x_wconf 77' lang='lat' dir='ltr'><strong>invasurum.</strong></span> <span class='ocrx_word' id='word_1_330' title='bbox 419 3729 539 3784; x_wconf 80' lang='lat' dir='ltr'><strong>Michael</strong></span> <span class='ocrx_word' id='word_1_331' title='bbox 548 3747 599 3801; x_wconf 92' lang='lat' dir='ltr'><strong><em>per</em></strong></span> <span class='ocrx_word' id='word_1_332' title='bbox 611 3731 715 3800; x_wconf 82' lang='lat' dir='ltr'><strong>legatos</strong></span> <span class='ocrx_word' id='word_1_333' title='bbox 725 3733 755 3784; x_wconf 89' lang='lat' dir='ltr'><strong>in</strong></span> <span class='ocrx_word' id='word_1_334' title='bbox 770 3729 841 3782; x_wconf 87' lang='lat' dir='ltr'><strong>hanc</strong></span> <span class='ocrx_word' id='word_1_335' title='bbox 853 3733 1018 3784; x_wconf 85' lang='lat' dir='ltr'><strong>sententiam</strong></span> <span class='ocrx_word' id='word_1_336' title='bbox 1031 3745 1146 3800; x_wconf 83' lang='lat' dir='ltr'><strong>respon-</strong></span> 
     </span>
     <span class='ocr_line' id='line_1_38' title="bbox 51 3791 1144 3872; baseline -0.006 -16"><span class='ocrx_word' id='word_1_337' title='bbox 51 3791 103 3856; x_wconf 60' lang='grc' dir='ltr'><strong><em>(Ῑῡῑι</em></strong></span> <span class='ocrx_word' id='word_1_338' title='bbox 127 3798 224 3868; x_wconf 87' lang='lat' dir='ltr'><strong>Ipsum</strong></span> <span class='ocrx_word' id='word_1_339' title='bbox 244 3801 434 3869; x_wconf 76' lang='lat' dir='ltr'><strong>imperatorem</strong></span> <span class='ocrx_word' id='word_1_340' title='bbox 451 3809 479 3856; x_wconf 89' lang='lat' dir='ltr'><strong><em>et</em></strong></span> <span class='ocrx_word' id='word_1_341' title='bbox 493 3818 614 3855; x_wconf 87' lang='lat' dir='ltr'><strong>sororem</strong></span> <span class='ocrx_word' id='word_1_342' title='bbox 631 3803 690 3854; x_wconf 89' lang='lat' dir='ltr'><strong>eius</strong></span> <span class='ocrx_word' id='word_1_343' title='bbox 709 3801 833 3856; x_wconf 85' lang='lat' dir='ltr'><strong>eiusdem</strong></span> <span class='ocrx_word' id='word_1_344' title='bbox 850 3801 935 3872; x_wconf 82' lang='lat' dir='ltr'><strong>patris</strong></span> <span class='ocrx_word' id='word_1_345' title='bbox 954 3817 1012 3852; x_wconf 90' lang='lat' dir='ltr'><strong>esse</strong></span> <span class='ocrx_word' id='word_1_346' title='bbox 1028 3798 1144 3850; x_wconf 86' lang='lat' dir='ltr'><strong>liberos:</strong></span> 
     </span>
     <span class='ocr_line' id='line_1_39' title="bbox 51 3861 1146 3945; baseline 0.008 -32"><span class='ocrx_word' id='word_1_347' title='bbox 51 3861 143 3922; x_wconf 81' lang='lat' dir='ltr'><strong>decere</strong></span> <span class='ocrx_word' id='word_1_348' title='bbox 166 3871 251 3940; x_wconf 81' lang='lat' dir='ltr'><strong>igitur</strong></span> <span class='ocrx_word' id='word_1_349' title='bbox 273 3880 301 3925; x_wconf 86' lang='lat' dir='ltr'><strong><em>ct</em></strong></span> <span class='ocrx_word' id='word_1_350' title='bbox 323 3873 425 3925; x_wconf 87' lang='lat' dir='ltr'><strong>iustum</strong></span> <span class='ocrx_word' id='word_1_351' title='bbox 439 3889 515 3938; x_wconf 88' lang='lat' dir='ltr'><strong>esse,</strong></span> <span class='ocrx_word' id='word_1_352' title='bbox 537 3870 718 3945; x_wconf 83' lang='lat' dir='ltr'><strong>qnandoipsc</strong></span> <span class='ocrx_word' id='word_1_353' title='bbox 736 3880 881 3944; x_wconf 87' lang='lat' dir='ltr'><strong>paternum</strong></span> <span class='ocrx_word' id='word_1_354' title='bbox 901 3869 1044 3940; x_wconf 87' lang='lat' dir='ltr'><strong>imperium</strong></span> <span class='ocrx_word' id='word_1_355' title='bbox 1064 3885 1146 3922; x_wconf 84' lang='lat' dir='ltr'><strong>omne</strong></span> 
     </span>
     <span class='ocr_line' id='line_1_40' title="bbox 51 3939 1145 4016; baseline 0.007 -32"><span class='ocrx_word' id='word_1_356' title='bbox 51 3941 154 4003; x_wconf 76' lang='lat' dir='ltr'><strong>toneat,</strong></span> <span class='ocrx_word' id='word_1_357' title='bbox 174 3958 293 3994; x_wconf 85' lang='lat' dir='ltr'><strong>rororcm</strong></span> <span class='ocrx_word' id='word_1_358' title='bbox 303 3959 414 4014; x_wconf 84' lang='lat' dir='ltr'><strong>quoque</strong></span> <span class='ocrx_word' id='word_1_359' title='bbox 423 3944 579 4013; x_wconf 86' lang='lat' dir='ltr'><strong>portionem</strong></span> <span class='ocrx_word' id='word_1_360' title='bbox 589 3943 709 4016; x_wconf 81' lang='lat' dir='ltr'><strong>aliquam</strong></span> <span class='ocrx_word' id='word_1_361' title='bbox 717 3950 846 4013; x_wconf 85' lang='lat' dir='ltr'><strong>paternae</strong></span> <span class='ocrx_word' id='word_1_362' title='bbox 855 3939 1016 3994; x_wconf 79' lang='lat' dir='ltr'><strong>hereditatis</strong></span> <span class='ocrx_word' id='word_1_363' title='bbox 1025 3956 1145 3998; x_wconf 85' lang='lat' dir='ltr'><strong>cernere.</strong></span> 
     </span>
     <span class='ocr_line' id='line_1_41' title="bbox 51 4003 1144 4085; baseline 0.003 -26"><span class='ocrx_word' id='word_1_364' title='bbox 51 4003 88 4056; x_wconf 77' lang='lat' dir='ltr'><strong><em>Ad</em></strong></span> <span class='ocrx_word' id='word_1_365' title='bbox 110 4008 178 4064; x_wconf 84' lang='lat' dir='ltr'><strong>haec</strong></span> <span class='ocrx_word' id='word_1_366' title='bbox 199 4011 354 4080; x_wconf 87' lang='lat' dir='ltr'><strong>imperator,</strong></span> <span class='ocrx_word' id='word_1_367' title='bbox 372 4012 404 4065; x_wconf 92' lang='lat' dir='ltr'><strong><em>ld</em></strong></span> <span class='ocrx_word' id='word_1_368' title='bbox 422 4031 452 4066; x_wconf 86' lang='lat' dir='ltr'><strong><em>re</em></strong></span> <span class='ocrx_word' id='word_1_369' title='bbox 470 4029 635 4085; x_wconf 77' lang='lat' dir='ltr'><strong>percepere:</strong></span> <span class='ocrx_word' id='word_1_370' title='bbox 655 4031 707 4066; x_wconf 87' lang='lat' dir='ltr'><strong><em>nec</em></strong></span> <span class='ocrx_word' id='word_1_371' title='bbox 721 4013 852 4068; x_wconf 85' lang='lat' dir='ltr'><strong>Bucelum</strong></span> <span class='ocrx_word' id='word_1_372' title='bbox 868 4007 1073 4072; x_wconf 84' lang='lat' dir='ltr'><strong>tantummodo,</strong></span> <span class='ocrx_word' id='word_1_373' title='bbox 1095 4010 1144 4062; x_wconf 84' lang='lat' dir='ltr'><strong><em>aed</em></strong></span> 
     </span>
     <span class='ocr_line' id='line_1_42' title="bbox 49 4075 1143 4156; baseline 0.003 -28"><span class='ocrx_word' id='word_1_374' title='bbox 49 4075 112 4129; x_wconf 81' lang='lat' dir='ltr'><strong>alias</strong></span> <span class='ocrx_word' id='word_1_375' title='bbox 129 4081 212 4133; x_wconf 86' lang='lat' dir='ltr'><strong>urbes</strong></span> <span class='ocrx_word' id='word_1_376' title='bbox 227 4085 339 4154; x_wconf 75' lang='lat' dir='ltr'><strong>insuper</strong></span> <span class='ocrx_word' id='word_1_377' title='bbox 355 4084 533 4156; x_wconf 83' lang='lat' dir='ltr'><strong>citamquam</strong></span> <span class='ocrx_word' id='word_1_378' title='bbox 546 4092 724 4155; x_wconf 84' lang='lat' dir='ltr'><strong>paternorum</strong></span> <span class='ocrx_word' id='word_1_379' title='bbox 737 4083 873 4136; x_wconf 85' lang='lat' dir='ltr'><strong>bonorum</strong></span> <span class='ocrx_word' id='word_1_380' title='bbox 888 4083 1008 4136; x_wconf 83' lang='lat' dir='ltr'><strong>consorti</strong></span> <span class='ocrx_word' id='word_1_381' title='bbox 1022 4077 1143 4148; x_wconf 70' lang='lat' dir='ltr'><strong>tradere,</strong></span> 
     </span>
     <span class='ocr_line' id='line_1_43' title="bbox 50 4147 1143 4224; baseline 0.004 -25"><span class='ocrx_word' id='word_1_382' title='bbox 50 4147 116 4199; x_wconf 78' lang='lat' dir='ltr'><strong>salva</strong></span> <span class='ocrx_word' id='word_1_383' title='bbox 144 4160 236 4206; x_wconf 87' lang='lat' dir='ltr'><strong>tamen</strong></span> <span class='ocrx_word' id='word_1_384' title='bbox 261 4155 319 4224; x_wconf 76' lang='lat' dir='ltr'><strong>ipsa</strong></span> <span class='ocrx_word' id='word_1_385' title='bbox 345 4155 399 4206; x_wconf 87' lang='lat' dir='ltr'><strong>ianr</strong></span> <span class='ocrx_word' id='word_1_386' title='bbox 417 4160 553 4208; x_wconf 84' lang='lat' dir='ltr'><strong>vetustate</strong></span> <span class='ocrx_word' id='word_1_387' title='bbox 573 4153 747 4208; x_wconf 86' lang='lat' dir='ltr'><strong>corroborata</strong></span> <span class='ocrx_word' id='word_1_388' title='bbox 765 4155 947 4206; x_wconf 84' lang='lat' dir='ltr'><strong>Romanorum</strong></span> <span class='ocrx_word' id='word_1_389' title='bbox 971 4152 1044 4221; x_wconf 85' lang='lat' dir='ltr'><strong>lege,</strong></span> <span class='ocrx_word' id='word_1_390' title='bbox 1072 4166 1143 4221; x_wconf 83' lang='lat' dir='ltr'><strong>quae</strong></span> 
     </span>
     <span class='ocr_line' id='line_1_44' title="bbox 50 4215 1143 4297; baseline 0.004 -29"><span class='ocrx_word' id='word_1_391' title='bbox 50 4215 86 4268; x_wconf 81' lang='lat' dir='ltr'><strong>sic</strong></span> <span class='ocrx_word' id='word_1_392' title='bbox 103 4217 221 4276; x_wconf 72' lang='lat' dir='ltr'><strong>habente</strong></span> <span class='ocrx_word' id='word_1_393' title='bbox 239 4225 278 4276; x_wconf 77' lang='lat' dir='ltr'><strong><em>Ex</em></strong></span> <span class='ocrx_word' id='word_1_394' title='bbox 298 4221 364 4278; x_wconf 87' lang='lat' dir='ltr'><strong>liliis</strong></span> <span class='ocrx_word' id='word_1_395' title='bbox 383 4226 554 4294; x_wconf 83' lang='lat' dir='ltr'><strong>imperatoris</strong></span> <span class='ocrx_word' id='word_1_396' title='bbox 573 4227 622 4297; x_wconf 87' lang='lat' dir='ltr'><strong>qui</strong></span> <span class='ocrx_word' id='word_1_397' title='bbox 641 4233 732 4280; x_wconf 86' lang='lat' dir='ltr'><strong>aetate</strong></span> <span class='ocrx_word' id='word_1_398' title='bbox 749 4225 934 4286; x_wconf 70' lang='lat' dir='ltr'><strong>antecesserit,</strong></span> <span class='ocrx_word' id='word_1_399' title='bbox 954 4225 1143 4291; x_wconf 80' lang='lat' dir='ltr'><strong>imperatorem</strong></span> 
     </span>
     <span class='ocr_line' id='line_1_45' title="bbox 50 4288 1142 4367; baseline 0.005 -29"><span class='ocrx_word' id='word_1_400' title='bbox 50 4288 201 4356; x_wconf 65' lang='lat' dir='ltr'><strong>solemnio,</strong></span> <span class='ocrx_word' id='word_1_401' title='bbox 218 4299 246 4346; x_wconf 85' lang='lat' dir='ltr'><strong><em>ct</em></strong></span> <span class='ocrx_word' id='word_1_402' title='bbox 266 4297 289 4348; x_wconf 86' lang='lat' dir='ltr'><strong>is</strong></span> <span class='ocrx_word' id='word_1_403' title='bbox 307 4293 437 4352; x_wconf 82' lang='lat' dir='ltr'><strong>iratribus</strong></span> <span class='ocrx_word' id='word_1_404' title='bbox 456 4297 606 4367; x_wconf 81' lang='lat' dir='ltr'><strong>imperato,</strong></span> <span class='ocrx_word' id='word_1_405' title='bbox 635 4305 664 4350; x_wconf 87' lang='lat' dir='ltr'><strong><em>et</em></strong></span> <span class='ocrx_word' id='word_1_406' title='bbox 684 4295 714 4350; x_wconf 84' lang='lat' dir='ltr'><strong>hi</strong></span> <span class='ocrx_word' id='word_1_407' title='bbox 735 4295 838 4352; x_wconf 78' lang='lat' dir='ltr'><strong>seniori</strong></span> <span class='ocrx_word' id='word_1_408' title='bbox 859 4294 976 4356; x_wconf 84' lang='lat' dir='ltr'><strong>eeduuto</strong></span> <span class='ocrx_word' id='word_1_409' title='bbox 991 4293 1142 4364; x_wconf 86' lang='lat' dir='ltr'><strong>seduloque</strong></span> 
     </span>
    </p>
   </div>
   <div class='ocr_carea' id='block_1_4' title="bbox 0 0 1542 4934">
    <p class='ocr_par' dir='ltr' id='par_1_8' title="bbox 0 0 1542 4934">
     <span class='ocr_line' id='line_1_46' title="bbox 0 0 1542 4934; baseline 0 7"><span class='ocrx_word' id='word_1_410' title='bbox 0 0 1542 4934; x_wconf 95' lang='lat' dir='ltr'><strong><em> </em></strong></span> 
     </span>
    </p>
   </div>
  </div>
 </body>
</html>
