3128 4922
352 262 406 350 50
752 286 1031 358 moriemimi

206 447 235 500 A.
247 447 391 513 Οπλιοδὲ
405 448 463 530 ἐμὲ
483 445 562 532 μήτε
578 441 708 522 άλάπως
729 445 838 532 ἐπίτςῦ
853 445 1007 532 χωριομηλ
1020 442 1113 525 άμῦν
1132 445 1329 528 διακεῖσθατ,
1355 445 1439 530 μηθ’

346 545 391 622 οἷς
407 549 463 611 τοῦ
477 543 614 631 μηδενὸς
625 544 734 622 άξίους
754 541 842 626 ῦμάς
859 541 959 619 οῦτως
974 546 1009 607 ἐκ
1026 546 1086 608 τοῦ
1101 545 1280 629 παραυτίκα
1295 545 1439 620 ἀπωθεῖ,-

345 649 434 710 σθαι.
455 647 488 721 ἐξ
506 640 581 709 ὅτου
599 640 660 728 γάρ
678 643 752 731 περί
766 644 829 720 τάν
843 641 994 707 τοιοάτων
1013 635 1159 726 ἠρξάμην
1171 645 1289 725 λέγειν,
1309 646 1436 707 πολλῶν

344 741 401 827 την
415 741 582 808 διάστασιν
599 741 690 823 ῦμῦν
709 744 825 807 ἐννοοῦν
843 739 1040 821 αἰσθάνομαι
1063 743 1127 804 τοῦν
1148 739 1338 825 ἀλγηδόνων
1360 735 1433 806 οἶδα
1496 811 1500 816 ,

344 844 376 904 δ’
395 843 430 906 ἐν
450 845 495 930 τῷ
511 840 592 922 μετὰ
610 843 712 905 ταῦτα
728 841 783 905 καί
802 838 953 904 πλειόνων
974 836 1206 922 αἰσθησάμενος
1220 843 1276 904 κατ’
1293 835 1458 926 omnipo-5

317 944 452 1026 Βτέροον
474 943 583 1026 φέρειν
595 941 633 1004 δὲ
649 933 778 1023 άνάγκη,
799 940 859 1002 τῶν
874 937 1067 1022 πραγμάτων
1081 936 1270 1020 άσυμβάτως
1285 940 1434 1020 ἐχόντων·

341 1040 373 1106 εἰ
386 1041 447 1120 μὲν
463 1031 538 1119 οῦν,
566 1031 670 1120 ὥσπερ
693 1031 795 1116 εἶπον,
827 1034 992 1120 ἐθελήσετε
1007 1038 1070 1100 vois
1084 1038 1246 1122 προτέρων
1262 1038 1433 1118 ἐχομένους

340 1139 516 1220 λογισμῶν,
536 1133 618 1220 ὑπὲρ
633 1136 695 1214 μὲν
709 1136 765 1216 τῆς
777 1133 931 1220 ἡμετέρας
943 1138 1101 1218 σωτηρίας
1118 1133 1305 1220 φροντίσαι,
1330 1137 1432 1218 μηδὲν

341 1238 377 1300 δὲ
389 1231 469 1303 κατά
486 1233 642 1315 βασιλέως
659 1231 899 1316 βουλεύσασθαι
917 1235 982 1306 τάν
995 1230 1176 1313 άπεικότων,
1190 1231 1310 1314 καίέμέ
1321 1254 1432 1296 κοινω-

341 1331 396 1399 oto
414 1335 497 1408 ἕξετε
517 1334 580 1396 τῶν
600 1327 832 1414 πραττομένων
867 1333 898 1396 εἰ
919 1333 950 1394 δ’
968 1327 1084 1416 ἑτέρως
1113 1329 1192 1412 ῦμῖν
1216 1333 1317 1414 δοκεῖ,
1338 1325 1479 1396 οῦδένιο

340 1425 416 1495 ἄλλο
441 1427 550 1494 λοιπὸν
556 1479 566 1512 ,
595 1421 617 1508 ἢ
633 1425 734 1494 πολλά
750 1431 807 1512 τῆς
823 1431 867 1505 εἰς
883 1430 939 1510 ἐμὲ
957 1429 1065 1516 φιλίας
1083 1429 1292 1511 ἐπευξάμενον
1310 1428 1429 1513 α’γαθά,

339 1535 413 1593 καθ’
425 1524 537 1594 ἑαυτὸν
555 1525 577 1592 ά
595 1551 652 1610 μοι
669 1530 751 1591 δοκοῦ
768 1530 974 1614 συμφέροντα
991 1529 1171 1614 πράττειν.”
1216 1529 1356 1592 Τοιαῦτα
1375 1527 1433 1592 καί

337 1629 397 1694 τοῦ
412 1625 568 1710 βασιλέως
592 1627 733 1702 εἰπόντος
740 1677 750 1707 ,
782 1625 838 1692 ἐπί
854 1625 934 1690 nott
955 1630 1015 1708 μὲν
1037 1625 1119 1709 πρός
1141 1623 1296 1714 άλλὴλους
1309 1625 1430 1713 ἐάρων,

337 1724 373 1791 τά
395 1731 448 1812 τῆς
470 1725 595 1810 γνώμης
615 1724 832 1806 θαυμάζοντες
850 1727 904 1789 ἐπί
922 1724 962 1791 τά
974 1724 1064 1791 Ιπαλά
1082 1724 1234 1810 βεβηκὸς,
1264 1722 1306 1803 ὦς
1326 1729 1428 1810 μηδὲν

241 1871 243 1878 ,
308 1827 396 1910 οτῆς
411 1821 490 1909 πρὸς
505 1822 562 1888 τὸν
578 1825 712 1905 βασιλέα
727 1827 783 1888 καί
797 1824 925 1887 πάππον
941 1826 1053 1900 αἰδοῦς
1070 1820 1211 1910 ῦφεῖναι,
1232 1827 1337 1888 καίτοι
1350 1823 1471 1888 πολ-ιδ

334 1930 402 2001 λοῖς
415 1918 515 1988 usiosis
532 1933 598 1997 τοῖς
617 1924 772 1987 λυποῦσιν
791 1923 1012 2005 ἀμειβομένου.
1053 1918 1115 1988 εἶθ
1137 1921 1426 2009 άπρωτοστράτωρ

199 2083 203 2094 ,
300 2065 302 2070 -
335 2021 522 2104 ἀπεκρίνατο
543 2022 686 2086 τοιαῦτα·
714 2021 831 2105 ,,ἥμι“ν,
862 2015 889 2086 τά
912 2023 1055 2103 βασιλεῦ,
1082 2019 1117 2087 τὸ
1143 2025 1308 2108 συμφέρον
1325 2023 1382 2086 σοί
1392 2045 1428 2086 τε

335 2119 479 2202 καίῆμῖν
500 2118 610 2192 oriente
630 2121 812 2198 σκοποῦσιν,
833 2115 856 2181 οἳ
874 2124 1046 2183 λυσιτελεῖν
1061 2121 1248 2202 ἐδοκοῦμεν,
1269 2119 1428 2206 ἐφθεγξά-

333 2221 431 2298 μεθα.
452 2211 474 2280 ά
491 2217 527 2280 δὲ
544 2218 618 2300 περί
627 2218 783 2297 βασιλέως
796 2213 1036 2302 ἐφθεγξάμεθα,
1069 2216 1126 2280 οάκ
1148 2215 1227 2282 aristi
1248 2221 1343 2287 τοῦτο
1363 2218 1428 2298 μό-

332 2337 387 2380 νον
403 2309 489 2389 ῦπως
505 2311 601 2379 κακόν
615 2337 645 2379 τι
656 2313 756 2378 πάθοι
766 2316 954 2388 σκοποῦντες
971 2317 1240 2398 ἐβουλευσάμεθα,
1261 2315 1331 2380 ἀλλ’
1342 2309 1473 2398 dommo

332 2411 377 2495 μὴ
395 2407 477 2494 μετά
494 2409 530 2477 τῦ
551 2413 697 2497 φανεροῖς
714 2411 759 2486 εἷς
777 2407 832 2476 τάν
846 2411 982 2492 πόλεμον
995 2415 1207 2498 καταστῆναι,
1228 2416 1277 2489 τίς
1294 2413 1426 2477 ῦτιολεί-

332 2532 419 2573 ποιτο
442 2505 523 2589 μετά
544 2509 603 2573 σοῦ
623 2509 795 2593 προσδοκία
815 2509 933 2573 δεινοῦ·
952 2513 1043 2574 τοῦτο
1062 2508 1122 2594 γάρ
1148 2509 1224 2594 ἡμῖν
1242 2511 1317 2592 περί
1334 2509 1426 2574 πλεί-

268 2681 274 2702 ⁸
332 2631 409 2673 στου
433 2617 602 2674 οκοπεῖται.
631 2609 701 2672 ἐπεί
732 2607 761 2669 δ’
787 2603 832 2683 τάς
857 2601 1039 2691 ἠκούσαμεν
1063 2616 1117 2694 τῆς
1143 2611 1189 2684 είς
1208 2607 1262 2675 τὸν
1285 2609 1424 2694 βασιλέα

365 2781 369 2786 -
404 2747 444 2800 rs.
465 2747 507 2798 lto
527 2745 628 2800 ΕῙ).Ῥ.
646 2763 696 2818 pro
713 2745 920 2831 ἐφθεγξάμεθα
934 2744 1101 2818 ἐδοκοῦμεν.

327 2867 423 2919 uictis.
459 2865 501 2920 Ne
520 2883 584 2920 vero
599 2867 785 2932 arbitremini,
811 2875 859 2920 aut
872 2867 943 2920 irone
959 2868 1157 2936 separationem
1173 2865 1242 2919 mihi
1255 2883 1311 2919 non
1328 2866 1422 2919 mole-

330 2945 399 2988 stum
414 2937 550 3000 accidere,
574 2946 622 2990 sut
638 2955 702 3002 vos,
721 2955 770 2992 ceu
786 2937 910 2990 homines
923 2941 1003 2990 nauci
1023 2955 1095 2990 ame
1112 2939 1190 2992 rejici
1210 2940 1240 2989 iu
1253 2938 1419 3007 proesentis.

329 3007 370 3060 Ex
393 3025 447 3078 quo
474 3009 548 3059 cuim
576 3006 649 3060 hunc
674 3025 826 3060 sermonem
849 3025 925 3060 orsus
940 3025 1073 3072 sum„ex
1089 3009 1254 3076 cogitatione
1277 3006 1438 3065 distructi,

330 3078 388 3128 ouis
407 3087 516 3130 nostroe
535 3077 676 3130 doloribus
694 3078 789 3132 multis
807 3079 958 3130 cumulatus
978 3087 1020 3130 est
1039 3076 1108 3130 mihi
1126 3079 1248 3140 suimus,
1276 3084 1304 3128 et
1322 3094 1366 3128 me
1387 3079 1419 3130 λι

278 3179 281 3184 n
329 3156 467 3216 postorum
482 3148 569 3217 pluro,
591 3156 621 3201 et
632 3149 819 3201 vehementius
832 3149 983 3202 doliturum
997 3149 1063 3212 scio,
1082 3145 1268 3216 sedquoniam
1282 3163 1323 3198 res
1334 3147 1419 3198 aliter

231 3221 232 3224 ’
329 3217 389 3268 lieri
416 3235 471 3272 nou
493 3219 605 3284 potuit,
633 3218 776 3276 ferendum
804 3226 877 3272 erat:
911 3235 973 3288 ergo
996 3220 1037 3282 si,
1063 3227 1094 3270 ut
1112 3217 1253 3278 dicebam,
1277 3225 1418 3284 antegres-

330 3287 367 3337 sis
385 3285 598 3356 cogitationibus
615 3289 788 3352 insistentes,
815 3291 896 3340 saluti
915 3297 1022 3341 nostroe
1041 3288 1212 3358 prospicere,
1243 3295 1271 3338 et
1287 3285 1416 3337 adversus

330 3372 409 3406 ovum
426 3355 497 3407 nihil
514 3358 709 3409 inconvenieus
721 3358 845 3422 meditari
856 3360 1041 3422 institueritis,
1059 3359 1140 3410 rebus
1156 3356 1270 3427 agundis
1288 3357 1417 3408 comitem

328 3442 372 3476 me
390 3426 550 3494 profitebor:
576 3428 620 3478 sin
636 3427 780 3479 slisvobis
796 3446 886 3490 meus,
912 3426 965 3479 hoc
980 3445 1064 3479 rruum
1079 3428 1261 3497 relinquitur,
1285 3435 1316 3477 ut
1328 3427 1419 3478 multe

328 3494 402 3546 bonu
420 3495 455 3548 ob
476 3503 593 3548 vestrum
616 3497 645 3548 iu
671 3513 715 3548 me
738 3499 959 3549 benevolentium
982 3499 1092 3550 vobisc
1111 3499 1169 3549 Deo
1188 3505 1328 3566 pecculus,
1354 3498 1427 3566 ipse,

328 3563 396 3616 mihi
412 3563 446 3618 sd
460 3567 608 3618 utilitatem
621 3583 709 3618 meam
718 3585 827 3636 promus
842 3565 945 3619 condus
959 3567 1028 3618 iiam.
1066 3569 1114 3619 liis
1130 3566 1229 3618 auditis
1245 3567 1286 3620 illi
1303 3565 1351 3617 diu
1367 3569 1414 3618 iu-

328 3643 417 3688 terso
435 3635 590 3703 adspicere,
611 3645 639 3688 et
657 3635 785 3690 udmirsri
805 3639 944 3707 ingenium
962 3638 1086 3698 iuvenis,
1105 3635 1415 3696 odeo-'sdhoueststem

328 3707 488 3774 grassantis,
518 3713 548 3758 ut
566 3705 600 3758 de
617 3705 724 3777 pudore
751 3715 779 3760 et
797 3708 947 3760 reverentis
968 3724 1029 3778 erga
1048 3723 1125 3758 avum
1143 3705 1216 3759 nihil
1234 3705 1414 3760 diminueret:

327 3777 451 3896 quemvis
471 3776 519 3828 ille
532 3775 621 3830 tristis
635 3778 720 3830 mults
737 3779 916 3830 remetiretur.
954 3777 1026 3829 Dein
1044 3785 1223 3847 protostrator
1240 3778 1279 3828 sic
1296 3777 1413 3845 incipit:

354 3864 400 3909 os,
428 3849 587 3915 imperator,
611 3846 646 3899 de
673 3849 727 3899 tuis
749 3857 831 3919 utque
854 3849 954 3900 nostris
976 3845 1123 3899 commodis
1140 3848 1267 3909 solliciti,
1294 3863 1363 3916 quse
1380 3861 1413 3899 eo

327 3915 415 3968 fucere
428 3917 606 3986 putabamur,
625 3915 825 3970 edisseruimus.
863 3917 946 3988 Quod
956 3925 1046 3970 aulem
1062 3917 1096 3969 de
1108 3934 1157 3972 svo
1171 3917 1364 3980 consuluimus,
1383 3917 1415 3969 in

328 4002 431 4038 eonon
447 3987 500 4040 hoc
517 3991 600 4040 urium
620 3989 816 4058 spectavimus,
841 3996 873 4041 ut
887 3987 958 4040 mulo
971 3989 1145 4048 multaretur:
1170 3993 1307 4041 verumut
1323 4003 1359 4038 ue
1374 3985 1411 4037 sd

327 4053 431 4108 bellum
446 4067 568 4124 apertum
579 4060 727 4121 veniretur,
744 4067 849 4130 tuoque
867 4059 951 4128 copiti
966 4075 1041 4110 cesus
1063 4059 1162 4128 aliquis
1182 4057 1285 4127 gravior
1301 4056 1411 4124 impen-

253 4125 258 4140 '
329 4125 421 4178 deretr
441 4126 470 4178 id
483 4130 556 4179 euim
570 4136 620 4190 cst,
640 4128 848 4200 quodomnium
861 4131 973 4180 minime
990 4128 1112 4179 velimus.
1148 4129 1181 4178 Et
1199 4143 1259 4178 cum
1276 4127 1410 4177 securiter-¹

327 4201 382 4248 tem
400 4195 587 4270 honoremque
604 4200 648 4252 svi
665 4207 728 4254 tuse
747 4200 831 4253 saluti
848 4199 1084 4270 incolumitatique
1106 4199 1253 4270 prselcrss,
1273 4195 1353 4268 quod·
1364 4196 1409 4248 in-
