3056 4922
327 321 329 326 ’
354 325 438 430 αλλ
751 343 1034 415 muraenam

207 521 267 576 tc.
281 519 345 592 1327
353 507 488 591 indispar
495 543 507 590 ·,
538 503 683 574 ἐπίπονον
706 493 764 588 η’ν,
796 501 905 568 edacis
923 500 1031 567 δίκαια
1057 501 1160 583 λέγειν
1188 499 1421 585 ἰσχυριζομένου

314 609 404 678 nnat
416 610 515 692 μέχρι
535 602 653 680 παντὸς
671 605 826 680 ἐπεξιέναι
843 597 919 677 νοός
944 601 1158 681 πολεμοῦντας
1178 593 1346 675 ἀξιούντων
1373 619 1423 661 πο·

348 709 445 788 λέμου
462 703 564 794 νόμρι,
595 698 642 782 τό,
658 725 693 768 τε
712 698 850 766 ἀκόντων
865 700 973 765 αὐτῶν
987 721 1020 762 τι
1033 696 1153 778 ποιεῖν,
1175 689 1235 760 οόκ
1250 690 1356 770 ἀδεές.
1376 720 1424 779 φι-

346 803 400 895 λίη
419 801 480 890 χόρ
498 795 769 888 ξυστρατεοόντων
789 800 852 865 τῶν
871 793 1023 863 πλειόνων
1042 791 1098 860 καί
1115 791 1220 859 ἐλπίδι
1239 797 1299 860 τοό
1318 785 1425 879 εἷρξαν-

334 919 385 968 ·τα
407 900 664 986 ἆντευποιήσειν,
683 901 730 990 ,εἰ
748 896 793 983 μὴ
814 895 921 985 χνιόμη
943 894 1051 960 αὐτόν
1070 891 1239 980 ἐτράπετο
1258 889 1297 957 τό
1316 895 1369 976 τῆς
1387 892 1441 966 ιε’-5

345 1000 460 1087 ρὴνης,
496 997 576 1075 εἰκός
603 993 643 1084 ἦν
671 991 789 1072 αότοδς
816 992 1085 1080 περιποιήσαντας
1112 999 1229 1078 χωρεῖν
1257 987 1335 1076 πρός
1360 987 1426 1065 τοός

347 1098 518 1179 ἐναντίους,
540 1094 615 1183 ὅπερ
635 1091 807 1170 ἆκινδόνως
826 1089 881 1159 οόκ
901 1088 941 1159 δν
959 1087 1126 1178 ἐπράττετο
1143 1091 1225 1172 ἐμοί.
1245 1087 1306 1172 dyo)
1326 1089 1360 1154 δὲ
1375 1089 1427 1151 rou*

346 1194 386 1261 τό
407 1195 486 1283 φίλα
506 1201 597 1262 ἓνεκα
618 1198 766 1283 πρόπειν
784 1193 837 1260 σοί
856 1192 930 1266 τοός
947 1214 981 1256 τε
1000 1187 1115 1266 πόνους
1135 1185 1322 1277 ὑφιστάμην
1341 1189 1374 1252 ἕν
1390 1189 1428 1271 τῷ

346 1295 477 1378 πειθειν,
497 1289 567 1372 ἑνός
586 1318 672 1370 τινος
692 1289 714 1378 ἢ
734 1291 789 1357 κατ’
808 1290 866 1356 δόο
885 1290 1133 1376 συναιρομὲνων,
1154 1289 1208 1352 κατ’
1226 1288 1288 1352 τῶν
1309 1285 1427 1372 όφορω

344 1395 448 1474 μένων
461 1395 614 1460 κινδύνων
629 1390 860 1478 κατεφρόνουν,
882 1388 1027 1472 νομίζων,
1048 1380 1088 1452 dv
1108 1380 1216 1460 αὐτοῖς
1236 1383 1339 1470 ἔργοις
1358 1379 1461 1448 ἀπο-ιο

345 1493 465 1575 despici
494 1485 605 1568 εὔνους
629 1495 663 1568 ἐς
686 1487 729 1584 τό
756 1486 898 1572 μα’λιστό
926 1510 978 1554 σοι
998 1485 1053 1552 καί
1080 1487 1114 1550 ἐν
1134 1492 1201 1559 τοῖς
1220 1484 1430 1566 κατεπείγουοι

344 1599 466 1676 καιροῖς
486 1586 523 1656 od
545 1590 719 1673 πολεμίως,
742 1584 824 1655 dett
846 1586 958 1675 φιλίως
978 1589 1193 1666 διακείμενος,
1214 1578 1379 1668 θαρρῆσαι
1397 1575 1432 1646 όν

252 1696 278 1748 P·
289 1687 420 1770 151ἕμοό
445 1689 502 1754 καὶ
526 1687 582 1774 τὴν
607 1687 729 1774 ἔχθραν
761 1691 958 1754 καταλῦσαι.
998 1681 1034 1751 τό
1061 1686 1092 1748 δ’
1116 1684 1263 1759 ἑναιτόος
1284 1681 1360 1766 ἔχον
1382 1681 1433 1745 νῦν

342 1780 580 1874 ἢπροσεδόκων
611 1785 710 1865 αότδς
730 1783 862 1874 δρᾶται.
891 1786 995 1851 πάντα
1014 1781 1075 1868 γὰρ
1093 1783 1197 1848 ἐκεῖνα
1232 1779 1306 1862 καί,
1327 1776 1364 1844 τό
1380 1781 1433 1860 με’-

340 1909 467 1971 χιστον,
505 1881 607 1971 αότῆν
631 1882 783 1970 ἀλήθειαν
811 1886 944 1966 θέμενος
971 1885 1007 1948 ἐν
1032 1879 1154 1962 οόδενί,
1197 1879 1379 1966 ἀνθρώποις
1400 1879 1464 1946 ant

345 1981 534 2072 διεφθορόσι
549 1983 605 2050 καί
620 1985 827 2069 ψευδομένας
840 1985 895 2048 καὶ
915 1981 1015 2067 μηδὲν
1035 1983 1068 2060 ἐξ
1089 1972 1134 2046 ὦν
1149 1974 1189 2045 όν
1203 1977 1241 2044 τό
1260 1977 1351 2044 κοινὰ
1367 1979 1435 2061 βέλ-

253 2090 418 2146 ῖπαιτιον
438 2086 550 2170 σχοίη,
571 2085 640 2150 ἀλλ’
660 2087 694 2163 ἐξ
717 2077 762 2148 ὦν
787 2077 827 2148 δν
861 2084 929 2170 ι’δίρι
953 2103 986 2146 τι
1012 2080 1203 2167 αἰφεληθεῖεν
1227 2073 1339 2161 edroi,
1368 2099 1435 2141 σκο-

341 2181 439 2246 ποῦσι
456 2185 614 2263 πεισθεὶς,
646 2185 732 2248 εἵλου
751 2184 874 2263 μᾶλλον
890 2183 1035 2262 πολεμεῖν
1058 2177 1147 2261 ε’μοί·
1176 2175 1236 2262 ἔγω
1268 2180 1304 2243 δὲ
1337 2172 1436 2240 καίτοι
1518 2233 1519 2256 ,

343 2277 465 2354 δίκαιος
493 2274 538 2346 τόν
571 2275 622 2348 οἷα
658 2276 997 2365 προεπιβουλευόμενος
1030 2275 1085 2341 κατ’
1112 2275 1435 2362 παρασπονδούμενος,
1518 2285 1519 2368 l

341 2373 545 2464 ἑτοιμότερον
561 2377 641 2466 πρός
659 2374 715 2444 τόν
728 2375 864 2458 πόλεμον
880 2387 1017 2462 χωρεῖν,
1039 2375 1129 2440 αἰδοῖ
1147 2399 1180 2441 τε
1192 2377 1230 2462 τῇ
1243 2376 1324 2461 περί
1333 2399 1370 2440 σε
1384 2369 1468 2438 aratro

341 2472 431 2563 πόθῳ
448 2475 571 2565 ἆσχδτρι
595 2480 639 2564 τῷ
657 2474 740 2564 ’πρός
763 2473 821 2560 τὴν
841 2474 967 2561 εἰρήνην
987 2473 1091 2560 τρίτον
1107 2467 1167 2559 ἤδη
1193 2477 1277 2561 μῆνα
1295 2474 1436 2558 κάθημαι

341 2575 473 2639 ἐνταῦθ’
496 2574 644 2641 λκετεόων
667 2574 723 2642 κατ’
753 2571 1006 2663 παραιτοόμενος
1028 2571 1085 2658 την
1108 2571 1166 2659 σὴν
1187 2570 1294 2659 όργήν.
1316 2574 1389 2638 νυνί
1403 2571 1436 2634 δὲ

293 2701 295 2706 ·
341 2674 405 2738 τοῖν
424 2671 486 2736 sind
502 2697 561 2740 σου
580 2674 755 2762 ἀρχιερέων
771 2674 903 2740 καὶτῶν
927 2665 1031 2738 ἄλλων
1051 2675 1259 2757 συγκλητικῶν
1278 2671 1435 2736 α’πεσταλ-

312 2775 447 2853 λιμένων
466 2773 522 2837 διεδ
540 2769 578 2837 τό
601 2773 641 2838 τό
661 2770 838 2859 ἐγκλήματα
859 2769 899 2837 τό
912 2762 982 2854 Ιἐμοὶ
998 2769 1143 2848 ἐξετάσαι
1156 2767 1323 2855 Ιἡκόντων,
1345 2763 1436 2844 αότὸς
1518 2773 1519 2820 l

340 2869 400 2954 μὲν
424 2873 541 2964 πολλῆς
561 2874 758 2958 ἐνεπλήσθην
784 2872 918 2958 ἡδονῆς,
949 2868 994 2948 οἷς
1011 2864 1123 2957 καιρόν
1142 2868 1314 2956 ἄπολοχίας
1339 2863 1467 2956 εόρη-τ5

343 3022 399 3077 illis
421 3025 563 3095 quippiam
586 2996 676 3078 lacere
694 3031 768 3078 meta
786 3039 843 3078 non
858 3019 980 3078 vacabat.
1015 3021 1057 3074 Ex
1079 3022 1200 3076 amicitia
1220 3024 1326 3076 etenim
1346 3019 1433 3094 pluri·

341 3093 394 3146 bus
414 3095 483 3149 mibi
506 3095 690 3178 militantibus
709 3103 738 3148 ct
753 3111 816 3163 spe,
835 3095 987 3163 principem
1006 3092 1141 3145 beneficio
1163 3110 1377 3164 responsurum,
1397 3091 1433 3152 si,
1518 3121 1519 3180 ρ

341 3165 570 3234 quemadmodum
587 3167 639 3234 ipss
654 3165 791 3228 volebant,
806 3181 858 3234 pax
875 3164 946 3216 facta
964 3180 1020 3214 non
1037 3173 1117 3226 esset,
1136 3172 1353 3217 consentaneum
1365 3170 1431 3222 erat,

339 3251 386 3285 eos
402 3235 480 3286 malis
496 3235 624 3288 cedentes
639 3235 674 3288 ed
688 3233 854 3287 adversarios
872 3251 921 3304 pro
938 3235 1018 3285 sociis
1036 3249 1201 3286 accessuros:
1220 3251 1352 3304 quaeres
1374 3233 1430 3284 dis·
1518 3213 1519 3290 l

340 3303 442 3356 crimen
465 3305 534 3357 mibi
553 3306 759 3378 perieulumque
781 3305 928 3358 attulisset.
964 3305 1019 3373 Ego
1041 3318 1104 3356 vcro
1128 3311 1159 3356 ut
1180 3305 1233 3356 tibi
1255 3303 1433 3374 gratificarer,
1518 3341 1519 3344 ,

339 3371 504 3441 persuadere
517 3375 573 3426 illis
595 3377 686 3428 enisus
703 3393 777 3437 sum,
794 3392 850 3429 uno
871 3382 919 3426 aut
942 3371 1049 3426 (luobus
1072 3373 1280 3437 adiuvantibus,
1308 3384 1339 3428 et
1364 3388 1433 3444 quse
1518 3411 1519 3430 ,

339 3441 472 3494 timebam
489 3445 654 3514 contempsi;
681 3445 841 3509 arbitratus,
862 3446 886 3496 si
905 3444 986 3496 factis
1002 3443 1055 3496 tibi
1076 3461 1119 3498 me
1140 3444 1433 3497 benevolentissimum
1518 3433 1519 3500 l

338 3513 638 3586 perturbatissimisque
656 3515 824 3585 temporibus
839 3531 895 3567 nnn
910 3511 1053 3575 hostilem,
1074 3514 1122 3566 sed
1139 3517 1253 3566 amicum
1271 3519 1302 3568 in
1327 3525 1356 3568 te
1374 3513 1434 3565 ani·
1518 3517 1519 3564 l

338 3597 414 3633 mom
429 3583 624 3648 ostendissem,
642 3585 778 3639 confidere
797 3601 894 3654 posse,
910 3583 992 3635 etiam
1016 3583 1111 3636 odium
1135 3586 1163 3638 in
1184 3602 1227 3636 me
1249 3593 1330 3636 tuum
1359 3599 1435 3635 sana·
1518 3581 1519 3648 ξ

338 3658 437 3705 turum.
451 3653 542 3725 Quod
555 3672 629 3710 nunc
642 3673 734 3719 secus,
755 3672 837 3723 quam
855 3654 949 3718 rebar,
966 3654 1048 3706 video
1066 3657 1195 3707 evenisse.
1225 3655 1328 3706 Omnia
1346 3656 1370 3706 si
1391 3653 1433 3704 ui·
1518 3649 1519 3664 ¹

337 3721 400 3774 dem
417 3723 486 3788 illa,
505 3725 634 3798 quodque
651 3732 857 3788 summumst,
878 3725 1021 3777 veritatem
1036 3726 1121 3792 ipsam
1140 3742 1190 3794 pro
1211 3723 1303 3777 nibilo
1322 3673 1434 3784 duodus,
1518 3749 1519 3770 ι

338 3791 496 3848 bominibus
515 3804 606 3848 autem
624 3797 767 3864 perversis
791 3803 819 3847 et
840 3793 1078 3864 mendaciloquis‚
1100 3813 1155 3846 non
1181 3795 1373 3864 reipublicae·
1382 3811 1439 3843 mo-
1518 3789 1519 3828 l

338 3861 478 3928 lumenta,
497 3865 545 3918 sed
560 3883 608 3918 sua
626 3867 746 3937 ipsorum
758 3863 919 3936 compendia
929 3865 1098 3917 sectantibus
1114 3863 1195 3917 tidem
1212 3864 1338 3930 habens,
1361 3863 1434 3918 bello
1518 3861 1519 3886 ¹

338 3948 382 3986 me
398 3942 503 3988 tenure
515 3936 634 3989 voluisti.
654 3939 690 3990 At
703 3952 769 4006 ego,
784 3936 904 4008 quamvis
919 3937 978 3987 iure
994 3936 1113 4003 optimo,
1141 3943 1277 4006 tamquam
1295 3935 1377 4005 prior
1392 3936 1435 3984 in·
1518 3935 1519 3944 ’

337 4002 416 4056 sidiis
437 4007 576 4075 appetitus
605 4013 794 4076 temeratoque
821 4005 932 4058 loedere
954 4005 1091 4068 violatus,
1121 4006 1272 4075 promptius
1297 4023 1332 4058 ac
1357 4005 1432 4074 prius
1518 4009 1519 4054 i

337 4089 411 4127 erma
440 4093 470 4126 ca
491 4091 579 4128 essere
602 4085 737 4145 poteram,
767 4085 857 4128 tamen
875 4075 981 4145 pudore
1008 4091 1069 4144 erga
1091 4081 1118 4126 tc
1142 4084 1170 4127 et
1190 4079 1265 4145 pacis
1290 4075 1433 4128 desiderio

336 4093 495 4198 incredibili
510 4145 622 4197 tertium
645 4147 701 4197 iam
718 4163 839 4200 mensem
861 4145 907 4197 bie
924 4152 1045 4208 contero,
1065 4146 1220 4214 supplicans
1232 4152 1260 4198 et
1270 4146 1343 4196 iram
1357 4154 1432 4195 nram
1518 4147 1519 4158 ³

337 4211 492 4282 deprecans.
527 4213 608 4266 Nunc
625 4233 686 4266 eum
701 4219 855 4280 venissent,
874 4232 942 4287 quos
964 4215 1000 4267 ad
1020 4215 1198 4267 exercendam
1222 4215 1256 4268 ds
1274 4232 1323 4268 me
1346 4229 1431 4286 quae-

337 4283 454 4338 stionem
471 4281 584 4348 misisti,
602 4285 702 4354 gaudio
717 4287 829 4350 exsilui,
855 4285 930 4357 quod
941 4291 1050 4358 tempus
1069 4287 1124 4339 mei
1140 4284 1310 4342 defendendi
1334 4294 1431 4340 nactus
