3074 4934
322 307 403 393 272
426 273 428 288 '
718 302 1015 372 munlcuznur

171 462 236 520 tc.
251 461 373 534 ι3ο8τες
390 453 468 544 πρός
486 459 643 542 βασιλέως
662 459 722 523 sud
743 457 901 541 πολέμου,
931 461 977 537 εἰς
997 455 1108 544 λόγους
1129 460 1326 548 κατέστησαν
1345 461 1409 534 τοίς

317 559 667 644 συμπολιορκουμένοις.
689 559 744 624 καί
761 561 893 645 Λυζικῷ
913 560 975 640 μὲν
993 561 1036 646 τῷ
1056 561 1111 643 τῆς
1132 553 1333 642 ἀκροπόλεως
1354 549 1409 640 ἀρ-

314 683 406 742 χοντι
422 657 480 721 οόκ
499 655 626 744 ἔφασαν
647 661 721 744 περι·
739 657 797 741 τῆς
817 658 972 744 σφετέρας
988 656 1140 744 πατρίδος
1151 653 1315 738 βουλεύειν
1332 677 1407 736 συγ-

261 837 265 842 .
315 753 490 844 χωρήσειν,
511 753 624 844 ἑτέρας
652 749 730 822 όντοι
749 757 871 832 πόλεως
901 760 1050 842 πολίτην,
1080 751 1135 836 όν,
1164 752 1294 838 βασιλεῖ
1311 776 1408 838 προσ-

315 856 506 943 χωρησόσης
525 855 707 943 Βεβροίας,
742 854 772 921 οἱ
793 865 968 940 συγγενεῖς,
990 849 1081 922 ἀντι
1108 853 1164 920 καί
1191 848 1389 941 προσκρούσῃ
1398 863 1427 933 ,5

316 953 540 1042 ἐξαιτήσονται·
562 966 629 1034 τοῖς
642 959 674 1020 δ’
690 948 803 1034 ἀλλοις
824 957 862 1021 uri
887 959 1007 1022 δίκαιον
1027 952 1109 1021 εἶναι
1130 952 1237 1039 ἔλεγον
1256 953 1332 1017 οὐδὲ
1355 958 1410 1016 λυ-

318 1059 452 1138 σιτελὲς,
480 1059 535 1140 τῆς
564 1048 661 1143 ἀλλης
690 1056 815 1141 όπάσης
834 1055 955 1134 πόλεως
974 1051 1246 1143 προσχωρησόσης
1265 1056 1410 1135 βασιλεῖ,

321 1151 441 1232 ου’τοός
461 1155 672 1221 ἀντίοτασθαι
700 1158 756 1221 καί
773 1161 929 1238 πολεμεῖν.
950 1148 1023 1220 οὔτε
1043 1153 1116 1240 γὰρ’
1128 1151 1314 1237 δυνήσονται
1335 1147 1412 1215 euu-

285 1248 390 1330 Βτοός
422 1277 457 1317 τε
490 1254 545 1319 καί
575 1252 635 1338 τήν
670 1247 772 1340 ἀκραν
802 1256 978 1340 περισῶσαι
1006 1253 1100 1335 μόνοι
1133 1252 1411 1334 ἐνοπειλημμόιοι,

315 1356 379 1421 τάκ
405 1377 441 1418 τε
468 1355 504 1418 ἐκ
533 1356 647 1439 Φεροῖν
676 1350 754 1418 κατὰ
781 1354 970 1436 συμμαχίαν
998 1353 1183 1439 ἀφιγμένων
1212 1350 1450 1435 ἧπημένων,ιο
1527 1435 1528 1440 ¹

317 1449 373 1516 καί
395 1452 452 1516 osis
470 1445 509 1516 ἀν
525 1448 643 1539 ἑτέρων
660 1451 882 1538 τολμησόντυον
898 1453 1013 1518 ἐλθεῖν.
1025 1447 1068 1537 ,μή
1087 1475 1121 1516 τε
1138 1451 1294 1534 βασιλέως
1316 1472 1414 1534 στρο-
1527 1449 1528 1456 '

317 1549 372 1615 τιά
401 1547 500 1636 πολλή
528 1573 562 1614 τε
592 1553 648 1616 καί
678 1550 874 1635 ἀξιόμαχος,
907 1551 964 1617 καί
991 1552 1123 1636 προσέτι
1151 1549 1238 1614 πόσα
1267 1547 1289 1633 ἡ
1324 1545 1415 1622 πόλις

316 1650 479 1732 πανδημεί
517 1647 773 1735 προσκαθήμενοι
811 1633 1107 1736 ἐκπολιορκήσουοιν
1127 1648 1221 1734 ἡμᾶς.
1248 1647 1280 1712 εἰ
1306 1648 1343 1710 δὲ
1362 1644 1418 1709 καί

261 1742 266 1754 “
318 1745 480 1829 ἀντισχεῖν
513 1747 717 1832 δυνησόμεθα
750 1745 831 1834 πρός
861 1745 981 1830 ἀλίγον,
1002 1747 1235 1833 ἀμφοτέρωθεν
1257 1740 1415 1830 ζημιωσό-

318 1849 413 1928 μεθα.
435 1838 477 1910 ἀν
497 1869 532 1911 τε
552 1847 612 1934 γόρ
635 1849 779 1929 νικῶμεν,
802 1849 917 1934 φίλους
936 1848 992 1911 καί
1009 1843 1084 1922 συός
1105 1842 1309 1938 οἰκειοτάτους
1332 1843 1452 1920 ἀπο-,5

323 1947 502 2029 κτενοῦμεν,
524 1937 564 2012 ἀν
574 1971 608 2012 τε
624 1945 803 2032 ἡττώμεθα,
826 1945 944 2031 ἀνάγκη
961 1939 1218 2032 desideriorum&
1233 1943 1274 2030 δή
1289 1941 1416 2010 ἅπαντα

296 2045 304 2062 “
321 2044 359 2108 od
375 2043 453 2132 πρός
468 2046 565 2131 ἡμῶν.
586 2047 617 2112 εἰ
634 2049 702 2130 μὲν,
713 2037 770 2111 σόν
789 2044 846 2112 καί
858 2043 936 2128 όμῖν
953 2047 1056 2110 ταῦτα
1068 2047 1223 2110 συνόονεῖ·
1243 2046 1274 2110 εἰ
1293 2047 1324 2108 δ’
1340 2035 1399 2108 σόν
1405 2096 1417 2127 ,

321 2136 390 2208 ἀλλ’
405 2143 496 2230 ἡμεῖς
522 2169 557 2228 γε
572 2144 655 2230 ἡμᾶς
675 2170 709 2211 τε
730 2140 848 2221 αότοός
865 2143 921 2210 καὶ
934 2143 991 2230 τήν
1015 2140 1186 2230 ἀκρόπολιν
1199 2145 1418 2228 ε’γχειρισομεν

320 2246 475 2323 βασιλεῑ.”
502 2244 532 2308 οἱ
541 2247 601 2327 μὲν
615 2237 673 2311 οόν
690 2247 822 2310 τοιαῦτα
837 2239 933 2311 εἶπον·
955 2239 1098 2324 Λυζικός
1123 2245 1158 2309 δὲ
1179 2245 1235 2309 καί
1252 2237 1324 2308 όοοι
1337 2235 1418 2328 ἦσαν

224 2345 252 2399 Ρ.
263 2339 367 2427 λόότῷ
383 2344 587 2432 πρεσβυτέρῳ
607 2346 826 2430 προσκείμενοι
840 2349 976 2428 βασιλεῖ’,
986 2342 1045 2408 odas
1063 2341 1188 2427 ἔχοντες
1206 2337 1266 2424 ό,τι
1282 2341 1458 2428 ἀρόσαι-,ο

320 2461 376 2518 εν,
400 2437 469 2522 ἅμα
489 2451 555 2519 τοῖς
575 2435 682 2520 ἀλλοις
698 2441 874 2529 ἀμνηστίαν
895 2441 1077 2530 αἰτήσαντες
1097 2439 1132 2507 εί
1153 2467 1185 2508 τι
1199 2441 1418 2529 ιπροσκεκροό-

321 2562 396 2605 κασι
415 2538 495 2628 πρός
512 2542 670 2626 βασιλέα,
694 2547 751 2608 καί
768 2539 938 2626 τυχόντες,
959 2545 1139 2630 παρέδοσαν
1157 2540 1216 2627 τήν
1235 2540 1420 2629 ἀκρόπολιν.

292 2637 314 2690 Β
406 2637 465 2706 κδ’.
505 2644 578 2707 Καί
604 2639 774 2729 παρελθών
804 2637 1006 2727 όβασιλεός,
1028 2633 1357 2728 salmoriacensis
1378 2640 1421 2706 τό
1481 2691 1483 2696 .

324 2811 446 2884 peratori
463 2825 556 2880 purum
571 2807 643 2864 bene
664 2809 804 2875 volebant,
821 2810 966 2864 sententiis
985 2816 1015 2862 et
1027 2807 1125 2864 nnimis
1143 2805 1178 2862 ab
1196 2809 1257 2860 aliis
1277 2823 1328 2878 per
1342 2807 1419 2862 sedi·
1528 2811 1529 2850 l

325 2883 431 2934 tionem
447 2882 630 2952 discrepantes
644 2890 673 2934 et
682 2882 808 2935 inducias
823 2900 840 2933 a
858 2883 966 2934 iuniore
986 2881 1151 2950 imperatore
1198 2889 1339 2942 moestos,
1353 2880 1419 2932 illos

326 2953 395 3005 nlius
409 2969 463 3004 una
479 2969 570 3006 secum
586 2952 709 3005 obsessos
726 2953 839 3006 allocuti
855 2961 927 3004 sunt
957 2951 991 3004 Et
1005 2951 1102 3018 Lyzico
1118 2951 1166 3024 qui
1187 2967 1229 3002 em
1248 2953 1320 3002 arcis
1335 2967 1420 3018 prae-

325 3023 414 3087 fecto,
435 3031 467 3075 ut
487 3024 522 3077 de
547 3025 635 3094 patria
657 3025 778 3094 ipsorum
798 3030 947 3085 statueret,
973 3039 1030 3074 non
1046 3038 1076 3073 se
1094 3023 1274 3090 permissuros
1294 3021 1421 3085 aiebant,

326 3109 387 3146 cnm
406 3097 477 3146 esset
494 3096 560 3146 civis
576 3094 689 3148 ulterius
706 3096 841 3159 civitatis,
860 3092 1013 3146 Ber-choeac
1029 3093 1180 3158 nimirum,
1197 3109 1251 3163 quc
1268 3092 1304 3145 ad
1328 3093 1420 3163 impe-

326 3173 444 3237 ratorem
465 3164 609 3229 adiuncta,
636 3165 787 3236 putabant,
808 3167 830 3218 si
850 3165 918 3234 quid
938 3163 986 3216 ille
1005 3163 1181 3227 offendisset,
1208 3172 1335 3234 cognatos
1359 3166 1420 3217 eius

325 3235 443 3305 poenam
457 3233 657 3304 deprecaturos.
693 3236 780 3306 Alperi
797 3235 912 3287 factioni
931 3233 1074 3296 dicebant,
1093 3249 1145 3285 nee
1161 3235 1263 3286 iustum
1281 3251 1350 3298 esse,
1369 3251 1422 3286 nee

327 3305 407 3368 utile,
424 3297 601 3376 cumreliqua
616 3307 681 3359 urbs
697 3307 784 3358 omnis
803 3308 832 3358 in
850 3305 932 3358 iidem
950 3305 1122 3373 imperatoris
1139 3306 1327 3370 contrusisset,
1346 3307 1420 3378 ipsos

327 3375 420 3428 obniti
436 3385 465 3427 et
474 3376 647 3446 belligerare.
683 3375 747 3429 Non
758 3377 831 3429 enim
848 3393 909 3428 cum
925 3376 1007 3428 simus
1024 3376 1184 3439 interclusi,
1205 3375 1259 3428 soli
1278 3385 1307 3429 et
1322 3393 1374 3429 nos
1393 3383 1422 3428 et

229 3500 235 3510 ,
328 3461 417 3498 arcem
431 3461 537 3499 semare
553 3463 709 3517 possumus3
730 3448 822 3517 etqui
846 3445 939 3498 Pheris
959 3445 1064 3498 auxilio
1091 3455 1228 3500 venerunt
1245 3447 1316 3498 uicti
1336 3453 1420 3511 'sunu

328 3523 357 3568 et
370 3516 419 3568 nlii
435 3517 528 3568 venire
546 3535 602 3569 non
615 3517 763 3570 audebunt
792 3517 893 3586 Copiae
905 3516 1074 3586 imperatoris
1089 3533 1199 3588 magnae
1214 3525 1243 3570 et
1256 3516 1424 3580 bellicosae,

326 3593 468 3658 praeterea
494 3594 568 3640 totus
588 3589 707 3658 populus
727 3586 888 3641 assidebunt
911 3596 940 3640 et
961 3586 1157 3657 expugnabunt
1175 3605 1234 3640 nus.
1272 3591 1364 3659 Atque
1391 3595 1423 3640 nt

328 3655 500 3729 aliquamdiu
519 3658 685 3722 resistamus,
705 3659 835 3729 utrinque
855 3667 946 3710 tamen
968 3659 1128 3728 plectemur.
1158 3659 1221 3712 Sive
1236 3660 1310 3710 enim
1324 3661 1420 3710 vinca-

328 3745 405 3791 mus,
423 3730 524 3780 amicos
540 3737 570 3780 et
579 3731 824 3801 propinquissimus
849 3729 1056 3791 interimemus,
1081 3730 1137 3782 sive
1147 3730 1308 3792 vincamur,
1336 3729 1421 3782 mori·

328 3798 430 3852 endum
454 3801 508 3854 erit
528 3802 696 3868 necessari03
719 3817 789 3871 quse
807 3799 899 3852 omnia
921 3817 937 3851 a
962 3799 1044 3852 nobis
1067 3799 1157 3854 eliens
1180 3809 1252 3852 sunt
1279 3799 1308 3852 Si
1326 3803 1420 3872 itaque

332 3879 361 3923 et
381 3869 458 3924 vobis
476 3869 623 3941 probatur,
642 3873 682 3924 ita
710 3871 859 3936 faciamus3
884 3872 927 3923 sin
948 3869 1055 3933 minus,
1072 3879 1102 3923 at
1120 3877 1195 3924 certe
1217 3887 1267 3922 nos
1282 3888 1343 3922 cum
1358 3885 1419 3922 arse

310 3942 481 3994 'nosmetin
496 3957 592 3995 munus
604 3943 640 3994 im
662 3943 776 4004 cratoris
791 3940 929 3994 dedemus.
963 3939 1099 3993 Hactenus
1112 3942 1163 3994 illi.
1200 3939 1314 4008 lyricus
1329 3953 1419 3992 autem

329 4020 360 4063 et
377 4011 453 4081 quie
469 4014 577 4066 seniore
597 4013 752 4076 faciebant,
771 4013 880 4065 consilii
894 4011 1008 4081 inopes,
1025 4029 1153 4064 unacum
1171 4011 1234 4064 aliis
1254 4013 1419 4082 impunitate

328 4077 432 4206 pettihtq,
455 4083 480 4134 si
506 4083 576 4154 quid
606 4085 797 4156 imperatorem
821 4079 1017 4147 offendissent,
1049 4090 1077 4135 et
1108 4099 1140 4136 ea
1170 4083 1292 4154 adepta,
1332 4097 1418 4135 arcem

330 4157 372 4206 trs
392 4151 398 4164 '
422 4159 509 4204 erunt.
1192 4171 1200 4187 ·

400 4222 443 4292 ⁵⁴·
478 4223 614 4293 ingressus
636 4225 799 4296 imperator,
825 4220 1026 4304 pdscriptisqne
1049 4221 1169 4278 sd'snos
1198 4230 1339 4296 quotquot
1368 4235 1416 4274 aso
