3074 4934
461 320 748 386 ursrourtuuu
777 325 804 389 r.
823 327 878 396 επ,
1023 353 1028 362 ·
1071 341 1075 358 ·
1128 293 1213 381 265

126 470 179 550 τδς
198 473 262 538 τῦν
277 473 444 556 Ῥωμαίων
463 471 551 540 ἔλεον
570 473 740 559 λαβόντας,
761 469 846 540 odem
867 473 977 554 δεινῶς
995 469 1052 540 δπ*
1073 467 1284 561 ῦλλήλανλῦ.
1296 489 1361 546 stat
1410 521 1415 530 ·

126 574 347 662 φθειρομένων
366 569 420 638 διδ
443 571 654 656 τδνπόλεμον
668 573 761 658 ήμῶν
780 571 837 640 τδν
854 570 933 660 πρὸς
953 572 1117 658 οἷλλήλους,
1136 577 1217 656 πέμ-

126 687 192 754 ψαι
212 669 293 758 πρδς
312 675 447 754 βασιλέα
467 669 538 739 τινὰ
555 669 722 749 διδάξοντα
737 674 812 760 περὶ
830 673 894 737 τοῖν
909 674 1064 738 ἐνταυθοῖ
1069 671 1218 758 πραγμάε

127 794 191 835 ταν
208 769 354 854 τάληθές.
377 767 484 853 οἴομαι
503 768 575 858 γὰρ,
597 764 637 838 δν
665 768 808 857 πύθηται
827 768 868 835 τὰ
888 771 1028 837 ἐνταῦθα
1049 771 1218 858 πράγματα

105 863 164 938 5οἷ
180 870 355 953 κεχώρηκε,
383 870 502 952 μᾶλλον
532 866 667 956 ῦφήσειν
694 873 753 955 τῆς
780 868 861 956 πρὸς
882 872 938 953 ἐμὲ
965 869 1061 957 δργής
1089 868 1144 934 καί
1162 865 1218 935 τὸν

126 966 265 1048 πόλεμον
279 965 442 1053 ἐθελήσειν
456 974 665 1050 καταθέσθαι,
680 969 790 1036 οὐκέθ’
810 968 927 1051 ὁμοίως
941 965 1045 1056 ὥσπερ
1068 966 1124 1033 καί
1139 966 1219 1054 πρό-

126 1088 217 1152 τερον
239 1063 300 1142 τδς
330 1065 410 1154 πρὸς
437 1066 492 1134 τὸν
516 1068 649 1150 πόλεμον
669 1071 801 1147 ἐλπίδας
822 1067 912 1151 ἔχων.
955 1068 1016 1152 ε’μὸ
1039 1070 1075 1132 δὲ
1094 1070 1219 1154 πρῶτον

126 1169 187 1248 μὲν
201 1157 360 1252 ἄπρακτος
372 1161 582 1251 καθεδοῦμαι,
598 1170 699 1254 μηδὲν
711 1171 804 1234 κινοῦν
819 1164 893 1235 ὅσον
907 1162 948 1234 ἄν
964 1170 1133 1252 συμβῶμεν
1142 1163 1219 1252 χρῦ-

127 1288 200 1347 νον,
221 1267 280 1341 ἕως
301 1259 376 1332 dud
394 1267 553 1354 πεμφθεὶς
571 1265 652 1354 πρὸς
666 1272 801 1350 βασιλέα
816 1264 962 1357 δπανήξμ.
1003 1261 1138 1348 κδνμὲν
1159 1259 1220 1330 αδ-

89 1369 183 1442 ιοθις
204 1364 221 1429 ὅ
244 1363 394 1447 βασιλεῦς
420 1364 466 1452 μή
487 1370 695 1454 προσδέξηται
721 1364 778 1454 τήν
807 1367 951 1454 εἰρήνην,
980 1362 1139 1432 ἅπτεσθαι
1161 1367 1221 1429 τοῦ
1227 1382 1248 1436 c

127 1468 286 1546 πολέμου·
308 1459 347 1529 δν
374 1466 429 1549 δὲ,
457 1471 536 1532 θεοῦ
556 1469 833 1549 συνευδοκοῦντος,
853 1465 907 1533 τὸν
925 1463 1062 1548 πόλεμον
1081 1461 1216 1552 ἐθελήσῃ

127 1567 327 1630 καταθέσθαι
337 1615 347 1647 ,
368 1568 545 1652 παρέξομαι
573 1567 652 1649 ῦμῖν
679 1565 739 1651 s‘yol
761 1569 883 1643 πίστεις
903 1565 1039 1652 ἰσχυρὰς
1066 1566 1109 1629 δι’
1129 1559 1222 1651 ὅρκον
1229 1581 1318 1640 tisis

126 1665 188 1728 τοῦ
206 1665 322 1748 μηδενὶ
339 1664 600 1750 μνησικακήσειν,
622 1664 657 1732 εἴ
671 1691 721 1742 τις
740 1671 797 1732 καί
815 1669 872 1732 τοῦ
890 1664 1040 1752 παρόντος
1056 1662 1161 1742 ἔδοξεν
1173 1663 1224 1727 αδ-

126 1763 452 1844 eleemosynator
467 1768 607 1846 πολέμου
619 1815 630 1846 ,
659 1763 742 1829 attat
762 1767 860 1829 πᾶσιν
881 1763 1020 1846 εὐμενῶς
1049 1758 1223 1842 διατεθεδςς

88 1855 306 1948 ιόἇσφάλειαν
327 1859 383 1925 καί
401 1861 580 1946 α’μνηστιάν
599 1863 747 1948 παρέξειν
766 1863 829 1928 τῶν
850 1864 984 1928 aanor?
1006 1861 1144 1925 Τοιαῦτα
1164 1859 1224 1940 μὲν

128 1957 211 2046 πρὸς
233 1953 352 2034 αῦτοδς
373 1959 391 2024 δ
413 1963 545 2036 Λουκᾶς
565 1962 601 2025 ε”κ
617 1966 773 2044 βασιλέως
794 1956 862 2026 εἶπε
886 1964 944 2026 τοῦ
964 1961 1046 2026 νέου.
1069 1956 1099 2021 οἱ
1120 1959 1225 2038 δὲμε-

104 2142 107 2152 ¹
128 2059 346 2146 νοστήσαντες
367 2057 469 2126 αδτδν
485 2061 542 2140 ἐπὶ
560 2059 693 2146 μικρὸν,
715 2055 796 2126 ὥστε
816 2060 1054 2143 βουλεύσασθαι
1073 2059 1126 2144 ἐφ’
1146 2053 1225 2120 ἑαυ-

128 2161 210 2241 τοῦν,
230 2159 327 2226 πάλιν
346 2158 655 2243 μετακαλεσάμενοι,
685 2160 733 2247 μή
756 2157 914 2226 δύνασθαι
941 2160 1041 2244 μηδὲν
1070 2153 1158 2224 εἶπον
1179 2145 1224 2222 οῦκ

128 2257 280 2342 βασιλεῦς
300 2265 506 2344 προκαλεῖται
526 2263 655 2346 πρᾶξαι.
703 2259 797 2350 adsta
817 2259 876 2346 γὰρ
899 2261 1016 2324 ἐκεῖνον
1033 2260 1079 2336 εἰς
1089 2255 1149 2344 τήν
1165 2257 1253 2322 τιό-Ι)
1270 2311 1274 2324 .

85 2365 181 2432 πολιν
195 2361 357 2436 δέξασθαι
382 2362 541 2438 παντελῶς
560 2357 622 2442 ἔξω
652 2364 784 2448 καιροῦ·
803 2360 901 2426 αὐτοί
915 2383 950 2424 τε
972 2353 1030 2424 οῦκ
1046 2355 1225 2437 ἐξελεύσον-

129 2486 186 2526 ται
203 2456 292 2546 pedm
314 2463 522 2546 διακριθῆναι
541 2459 621 2549 πρδς
641 2461 746 2527 αὐτόν.
787 2463 818 2527 εἰ
835 2458 896 2546 γὰρ
915 2457 1065 2542 ἔμελλον,
1087 2459 1127 2548 τῇ
1145 2479 1225 2543 προ-

128 2559 242 2647 τεραδρι
262 2551 392 2641 dodiau
412 2561 457 2645 τῷ
478 2555 579 2625 odada
599 2562 707 2627 ἐλθεῖν
729 2557 750 2645 ή
769 2559 859 2645 μάχη
880 2555 1041 2644 συνήφθη·
1061 2551 1101 2621 δν
1121 2557 1157 2620 δέ
1177 2578 1227 2632 τις

129 2656 238 2734 αι’πσῖς
260 2658 350 2743 ἐπίῃ,
372 2651 569 2738 ἀμυνοῦνται
588 2650 767 2743 ἀναγκαίοις
788 2655 850 2722 ἀπὸ
872 2659 935 2722 τῶν
954 2659 1078 2738 τειχῶν.
1133 2650 1170 2720 τό
1190 2673 1226 2736 γε
1287 2642 1295 2656 ’

34 2777 38 2784 ’
127 2752 195 2842 μήν
214 2756 261 2832 εἰς
269 2753 445 2835 Βυζάντιον
465 2755 543 2844 πρὸς
563 2759 698 2840 βασιλέα
713 2757 900 2822 ἀποστεῖλαι
920 2752 976 2822 τὸν
990 2755 1226 2838 ἀπαγγελοῦντα
1308 2789 1315 2802 ε

164 2913 170 2932 ·
202 2909 227 2949 a.
247 2889 329 2965 ήμῦν
341 2892 438 2963 scripsi
449 2910 499 2966 pro
513 2891 612 2967 δμιλν,
624 2892 754 2966 idemque
769 2893 837 2964 legit
850 2894 936 2964 lutpr.

130 3015 191 3052 rem
210 2997 453 3070 publicam,.quae
467 3004 579 3066 propter
597 3003 721 3050 mutuum
741 2997 783 3048 avi
798 3004 826 3048 et
844 2995 955 3065 nepotis
972 2993 1076 3048 bellum
1092 2993 1131 3046 sic
1148 3011 1164 3047 a
1181 3007 1227 3044 se-

129 3079 191 3123 met
204 3069 264 3138 ipsa
287 3068 471 3130 dilaceretur,
489 3068 609 3138 aliquem
629 3071 758 3130 mittant,
776 3083 868 3118 senem
889 3081 952 3118 vere
976 3066 1147 3128 educturum,
1170 3079 1225 3132 quo

129 3147 258 3210 pectore
274 3139 384 3207 emble
401 3138 531 3191 habeant.
568 3138 682 3206 Sperare
702 3139 790 3201 enim,
817 3140 840 3189 si
861 3138 1031 3206 cognoverit,
1051 3153 1104 3207 quo
1129 3133 1226 3186 infeli-

131 3211 225 3263 citatis
247 3211 311 3264 illae
332 3210 511 3273 devenerint,
545 3209 653 3278 parcius
679 3210 867 3271 irasciturum,
902 3209 1055 3278 amissaque
1080 3205 1227 3274 praeterita
1339 3265 1342 3272 r

129 3281 253 3344 fiducia,
269 3282 374 3334 bellum
388 3281 478 3334 valere
494 3280 644 3332 iussurum:
673 3295 702 3332 se
722 3280 850 3348 interim,
870 3279 1001 3349 quamdiu
1019 3277 1073 3330 sibi
1094 3276 1225 3330 cumillis

130 3353 311 3416 convenerit,
329 3350 418 3406 donec
442 3352 580 3404 nimirum*
599 3350 713 3402 nuntius
739 3350 867 3414 redierit,
886 3349 959 3402 nihil
979 3351 1160 3419 incepturum.
1197 3347 1228 3400 Si

129 3425 285 3493 imperator
301 3439 396 3492 pacem
413 3439 470 3474 nou
488 3420 641 3484 admiserit,
660 3421 774 3474 Martem
794 3418 993 3476 invadendum:
1015 3423 1048 3484 si,
1065 3421 1159 3472 divino
1176 3435 1227 3540 ap-

127 3493 269 3565 probante
286 3495 409 3557 numine,
428 3492 502 3546 bello
521 3491 658 3545 abstinere
673 3493 801 3555 voluerit,
819 3509 848 3544 se
869 3491 949 3544 iidem
974 3493 1030 3543 illis
1050 3494 1188 3548 iureiurau
1210 3505 1226 3540 ο

130 3564 338 3628 obstricturum,
356 3566 386 3618 in
407 3565 564 3627 neminem,
581 3564 690 3615 tametsi
705 3580 838 3616 armorum
852 3565 965 3615 istorum
983 3571 1121 3614 auctorem
1137 3561 1229 3611 mnri-

128 3652 222 3698 nrum,
243 3639 376 3688 offensum
398 3635 617 3705 iniuriarumqne
640 3648 786 3686 memorem
807 3635 927 3686 animum
949 3642 1102 3704 gesturum:
1124 3629 1173 3684 sed
1192 3631 1227 3682 iis

131 3707 277 3760 oblivione
297 3707 425 3776 sepultis,
454 3706 587 3757 universis
610 3705 785 3757 securitatem
810 3704 983 3757 donaturum.
1027 3703 1113 3755 llaecr
1126 3701 1227 3752 Lucas:

130 3793 217 3848 quem
232 3773 317 3828 duces
335 3778 477 3846 paulisper
493 3775 665 3845 submotum,
683 3783 715 3827 ut
731 3777 879 3829 sententias
902 3775 1068 3836 conferrent,
1086 3777 1227 3824 revocante

130 3849 230 3908 aiunt,
251 3845 330 3899 Nihil
348 3848 459 3915 penitus
476 3845 590 3909 horum,
616 3845 652 3897 ad
672 3863 742 3917 quae
766 3846 917 3915 imperator
934 3847 1060 3896 hortetur
1079 3859 1110 3894 ac
1128 3853 1228 3908 provo-

131 3927 195 3980 cet,
214 3926 352 3986 praestare
371 3933 457 3987 posse.
494 3916 562 3968 Nam
582 3918 673 3986 ipsum
703 3917 775 3970 intra
793 3917 902 3968 moenia
928 3915 1051 3982 recipere
1069 3909 1228 3963 haudtem·

130 3989 270 4059 pestivum
289 4005 366 4050 esse,
390 3987 426 4041 ad
452 4003 570 4057 pugnarn
587 4002 651 4038 vero
671 4003 734 4038 cum
756 3987 806 4038 illo
824 3984 990 4037 miscendam
1012 3999 1069 4035 non
1087 3983 1228 4033 exituros:

131 4059 252 4132 quodsi
280 4058 426 4120 libuisset,
443 4056 504 4110 heri
522 4057 614 4109 statim
632 4073 664 4108 uc
688 4059 809 4116 venisset
831 4056 949 4108 facturos
969 4054 1067 4106 luisse:
1092 4053 1115 4104 si
1137 4065 1227 4118 oppa·
1334 4074 1337 4082 ·

132 4137 264 4200 gnentur,
283 4127 318 4182 de
335 4127 482 4182 moenibus
497 4127 650 4182 necessario
668 4143 697 4178 se
713 4127 881 4180 defensuros.
899 4127 1000 4196 begare
1019 4131 1111 4176 autem
1128 4137 1228 4243 puem-

131 4201 209 4270 pium
229 4201 406 4266 Byzantium,
429 4197 477 4268 qui
501 4195 536 4249 de
560 4197 605 4250 luis
628 4197 711 4252 rebus
738 4199 930 4266 imperatorem
958 4195 1074 4256 doceat,
1097 4193 1126 4242 iu
1147 4206 1227 4243 eeens

134 4270 237 4328 rideri.
272 4267 342 4322 llam
359 4287 421 4324 oum
439 4266 547 4322 subditi
564 4269 636 4334 alut,
664 4276 693 4322 et
716 4285 790 4322 nunc
814 4285 885 4342 quae
904 4267 953 4320 llle
969 4263 1144 4337 imperaverit
1167 4276 1226 4315 seso
