3074 4934
331 331 418 418 308
773 353 982 420 remotus
1007 339 1009 346 ’

326 514 448 569 Romani
473 512 581 568 cladem
605 512 750 584 accipiunt
759 509 808 581 (8)
844 514 930 564 Amor
947 509 1127 581 imperatoris
1151 509 1184 562 ist
1205 510 1433 565 Gaudeamus·

326 583 505 639 declaratus.-
523 596 552 636 et
586 602 622 636 uo
639 595 725 654 pacto
744 599 797 651 per
813 599 841 634 se
859 597 966 653 perque
985 581 1060 633 alios
1076 581 1233 642 laborarit,
1254 593 1287 634 ut
1304 598 1366 634 eum
1380 583 1433 632 ies-

323 657 402 728 perii
418 656 553 724 collegam
567 603 695 706 baberet.
731 653 784 704 llle
803 665 899 705 tamen
920 651 1067 722 singulari
1084 649 1222 704 modestia
1240 651 1365 703 oblatam
1389 649 1435 701 di·

325 728 463 798 qnitatem
488 741 595 792 semper
618 721 750 794 repudiat
759 721 809 792 (9).
846 719 1006 774 chbarias
1028 723 1183 776 Genuensis
1200 720 1299 773 Cbium
1329 721 1365 774 ab
1384 723 1436 773 iss·

324 807 458 867 peratore
483 795 593 847 seniore
618 809 797 855 concessam,
827 793 882 845 sibi
908 791 1084 862 posterisque
1108 794 1168 844 suis
1188 794 1334 863 propriam
1342 790 1433 862 satit.

329 866 491 919 Calotlsetus
508 863 630 932 dynasta
648 865 734 917 matri
751 864 849 933 magni
868 861 1013 916 domestici
1037 863 1097 915 eius
1115 861 1328 931 recuperandae
1355 864 1434 914 viaet

324 935 426 1008 pandit
445 949 471 988 et
495 937 605 988 ineam
624 951 681 988 rem
708 935 848 986 auxilium
867 951 946 986 sunm
961 931 1123 1004 pollicetur.
1162 933 1319 985 Consilium
1339 930 1436 990 done-

325 1008 406 1069 stici,
434 1003 571 1077 quomodo
595 1002 736 1076 agendum
759 1021 820 1058 eum
843 1005 990 1066 Martino,
1015 1004 1066 1074 qui
1088 1015 1156 1055 tunc
1181 1002 1303 1058 insulan
1321 1003 1433 1056 obtine·

326 1075 450 1146 bat(so)·
494 1081 607 1144 Quanto
636 1077 755 1128 navium
783 1090 899 1130 numero
919 1087 947 1128 et
970 1073 1101 1142 qualibus
1119 1073 1239 1144 epibatis
1265 1069 1361 1128 eodem
1381 1089 1435 1123 na-

325 1148 462 1216 vigatum.
500 1145 716 1199 Nauareborum
734 1145 766 1197 in
783 1158 938 1223 apparatus
954 1161 1055 1216 pompa
1080 1143 1244 1196 aemulatio.
1286 1141 1435 1198 conditio·

325 1233 392 1278 nes,
409 1216 510 1288 quibus
531 1217 685 1284 imperator
701 1217 830 1272 Martino
849 1217 962 1268 insulae
978 1213 1185 1286 praefecturam
1205 1215 1369 1284 relinquere
1379 1229 1433 1266 tto-

324 1287 391 1338 luit.
433 1283 602 1340 Benedictus
619 1288 764 1341 castellum
782 1285 884 1343 tradit.
927 1286 1072 1338 Martinus
1088 1301 1199 1357 quoque
1217 1302 1246 1339 se
1263 1282 1369 1339 dedam
1386 1283 1434 1336 be-

325 1355 428 1426 neficio
456 1354 601 1409 domestici
621 1371 734 1411 mortem
760 1355 879 1412 evadit.-
908 1358 966 1426 ipse
994 1357 1026 1408 in
1044 1372 1184 1408 carcerem
1205 1353 1342 1416 ducitur,
1362 1371 1437 1407 uxor

325 1438 352 1478 et
361 1425 481 1496 familia
500 1429 588 1479 solum
606 1439 735 1489 vertunt,
753 1427 856 1480 milites
875 1428 948 1488 eius,
969 1421 1038 1479 datu
1057 1425 1164 1487 venia,
1183 1441 1218 1477 ex
1236 1424 1346 1478 dnobus
1366 1442 1434 1478 con-

325 1493 485 1548 ditionibus
512 1497 694 1566 posteriorem
724 1498 842 1567 eligunt.
882 1497 1042 1568 Imperator
1068 1497 1154 1548 etiam
1184 1495 1435 1554 benevolentibus,

325 1583 384 1618 non
405 1565 585 1619 benemeritis
604 1577 730 1630 tantum,
753 1569 877 1635 gratiam
895 1565 1073 1638 referendam
1093 1577 1175 1635 putat
1193 1579 1219 1618 et
1236 1567 1341 1638 populo
1365 1565 1435 1617 coto

324 1653 396 1687 onus
409 1636 591 1689 tributarium
603 1637 744 1689 imminuit
754 1638 778 1706 (ι
788 1636 819 1707 t).
856 1635 1004 1692 Benedicti
1021 1637 1143 1706 insignis
1152 1638 1318 1705 pertinacia
1336 1649 1365 1688 et
1384 1652 1436 1686 ar-

324 1705 460 1774 rogantia
486 1706 700 1768 intolerabilis,
731 1724 826 1760 omnes
843 1707 1039 1768 conditiones,
1067 1706 1197 1778 quamvis
1224 1705 1437 1759 bonestissinsas

323 1777 514 1845 aspernantis,
533 1777 591 1828 nisi
604 1777 702 1829 insula
719 1777 774 1828 sibi
791 1777 823 1828 in
840 1779 980 1848 peculium
998 1775 1157 1847 detur(12).
1193 1777 1351 1848 imperator
1360 1773 1440 1847 apud

323 1845 479 1899 Phocaeam
500 1859 621 1900 veterem
646 1866 663 1899 a
682 1847 776 1900 Persis
794 1849 917 1920 satrapis
935 1849 1058 1902 colitur.-
1076 1848 1211 1900 Pbocaea
1233 1865 1312 1900 nova
1322 1849 1352 1901 ei
1372 1859 1438 1900 tra·

326 1911 414 1967 ditur.
451 1915 620 1970 Benedictus
644 1916 737 1969 denuo
759 1912 857 1970 Citium
874 1920 1028 1992 subiugare
1051 1916 1164 1984 infelici
1184 1934 1312 1970 successu
1334 1933 1439 1988 aggre-

326 1981 480 2055 ditur(13).
518 1987 654 2052 Sequitur
666 1989 746 2040 locus
760 1991 927 2058 perelegans
944 2003 971 2043 et
986 2006 988 2020 ·
994 1987 1155 2060 patheticus
1176 1985 1210 2040 de
1228 1988 1323 2042 morbo
1343 2000 1371 2040 et
1390 1990 1441 2040 in-

326 2065 419 2108 stante
439 2056 618 2127 imperatoris
635 2057 714 2110 obitu
735 2057 814 2128 apud
828 2057 1074 2126 Didymoticbnm‚
1096 2058 1146 2109 ubi
1162 2075 1280 2128 magnus
1302 2057 1439 2112 domesti-

325 2139 376 2176 cus
391 2125 521 2178 sibi-iam
539 2129 625 2180 tertio
644 2126 771 2181 delatum
790 2131 936 2200 imperium
956 2130 1073 2183 abnuit:
1088 2131 1135 2181 cui
1153 2131 1240 2200 ipsum
1256 2143 1285 2184 et
1305 2145 1365 2180 una
1384 2130 1441 2180 im-

322 2197 455 2266 peracri:
473 2213 491 2246 a
509 2196 679 2252 moribundo
697 2200 867 2271 imperatore
894 2198 1131 2254 commendantur.
1175 2201 1307 2253 Omnibus
1323 2196 1441 2251 ordini-

325 2264 376 2318 bus
395 2263 544 2318 valedicit.
582 2265 688 2337 ingens
706 2271 1045 2342 exoriturcomploratio.
1067 2269 1210 2322 Palatium
1228 2270 1269 2324 ad
1284 2283 1440 2324 ennemase

322 2339 463 2389 morituro
489 2337 609 2389 salutem
637 2336 786 2393 dicendum
809 2354 890 2412 patet
910 2342 1035 2396 cuilibet.
1078 2343 1150 2392 Ante
1177 2355 1289 2395 mortem
1308 2339 1440 2393 babitu

325 2406 511 2457 monasticum
527 2407 654 2476 postulat
674 2408 805 2480 (14).st
825 2413 908 2465 Xena
923 2425 1013 2465 matre
1029 2413 1160 2484 quamvis
1177 2414 1260 2465 semel
1277 2415 1334 2465 iter
1402 2427 1439 2464 sse

240 2519 250 2530 ,
326 2471 504 2557 admonitus,
532 2476 607 2531 nibil
627 2479 782 2532 constituit.
829 2483 954 2554 Magnus
970 2480 1138 2536 domesticus
1154 2499 1207 2550 pro
1232 2495 1346 2535 consuet
1395 2483 1441 2535 'ne

325 2561 359 2596 sn
376 2557 464 2598 morte
492 2547 692 2618 imperatorum
716 2552 833 2604 solenne
857 2554 1045 2606 iuramentum
1072 2553 1170 2622 exigit.
1217 2553 1439 2606 Constantinum

326 2609 490 2685 despoton,
510 2618 642 2689 quamvis
656 2620 771 2673 multum
787 2635 924 2690 rogatus,
945 2639 997 2676 nec
1023 2625 1106 2684 vita,
1135 2638 1186 2676 nee
1204 2623 1295 2675 oculis
1311 2625 1438 2694 privare

325 2686 478 2748 sustinens,
497 2688 606 2742 occulte
623 2690 744 2743 liberum
762 2691 892 2752 dimittit.
929 2693 1243 2763 constantinopolitani
1258 2691 1438 2777 iurandm}

324 2751 508 2808 Andronicus
523 2759 622 2812 senior
649 2763 760 2824 timens,
785 2781 820 2816 ne
840 2763 966 2818 extincto
993 2777 1092 2835 nepote
1111 2765 1169 2834 ipse
1186 2763 1329 2818 babeatur
1343 2781 1438 2834 pesss-

325 2840 380 2886 nse,
399 2827 477 2879 ultro
497 2827 537 2879 ad
552 2829 703 2884 monacbos
719 2850 749 2886 se
770 2848 915 2902 aggregat.
951 2834 1053 2888 iunior
1078 2851 1095 2884 a
1114 2829 1270 2888 monastico
1295 2834 1439 2887 scbemsste

323 2911 378 2976 per
394 2913 525 2968 magnum
550 2897 729 2954 domesticum
753 2901 923 2976 impeditur:
951 2906 1003 2976 qui
1028 2921 1089 2956 cum
1116 2900 1232 2957 medicis
1255 2903 1437 2974 expostulat,

326 2981 525 3034 imperatorem
543 2982 640 3024 terret·
674 2973 845 3030 Mandatum
865 2975 992 3029 ultimum
1009 2975 1188 3046 imperatoris
1199 2973 1232 3028 de
1245 2977 1371 3028 exanimi
1383 2991 1438 3026 suo

326 3050 444 3118 corpore
455 3038 467 3109 (
472 3041 520 3106 16).
560 3041 598 3093 Ob
619 3043 732 3113 imperii
747 3043 859 3114 pondus
876 3057 903 3098 et
919 3047 1109 3100 molestiarum
1126 3045 1224 3098 molem
1239 3063 1370 3115 magnust
1384 3041 1438 3096 do·

326 3117 470 3158 mesticum
497 3111 657 3163 miseratur.
701 3115 806 3168 Mortis
830 3112 952 3171 indicia.
992 3120 1075 3190 Aqua
1101 3114 1135 3170 de
1154 3113 1240 3188 fitnle
1257 3115 1363 3170 Matris
1379 3113 1436 3167 Dei

326 3189 388 3254 cum
402 3179 525 3231 omnium
543 3180 708 3236 incredibili
723 3183 830 3255 gaudio
840 3185 1034 3257 sanatur(tq).
1070 3187 1238 3240 Narrantur
1246 3186 1275 3240 ei
1291 3203 1366 3258 quae
1384 3186 1433 3237 in-

326 3253 408 3324 “T‘m
423 3263 501 3315 gesta
516 3250 591 3302 sint:
606 3254 711 3321 probat
729 3257 824 3308 omnia
839 3271 954 3326 praeter
972 3259 1130 3310 missionem
1145 3257 1315 3328 Syrgiannis
1331 3257 1364 3308 in
1382 3270 1432 3307 oe-

327 3311 482 3394 cedentem.-
500 3337 585 3387 quam
601 3333 695 3377 tamen
710 3338 809 3396 postea
823 3345 883 3380 non
899 3329 1045 3398 inprobae.
1063 3327 1232 3397 Syrgiannis
1248 3345 1265 3378 a
1280 3325 1430 3380 domestico

326 3383 472 3438 attestatos
490 3391 608 3444 animus.
642 3393 824 3458 liecensetur,
846 3396 918 3467 quid
927 3397 1057 3470 despotae
1069 3397 1256 3450 Constantina
1274 3395 1430 3460 acciderit,-

325 3469 482 3534 tcarcere
508 3461 648 3514 eximitur.
690 3467 783 3537 Nepos
802 3466 983 3522 Andronicus
1009 3485 1093 3522 avum
1116 3467 1242 3522 induisse
1264 3467 1429 3522 monachu·

324 3534 476 3606 tristatur.-
502 3531 550 3582 eui
578 3531 743 3588 domesticus
761 3538 894 3590 solatium
919 3537 1118 3610 suggerit(18).
1155 3539 1303 3600 Poenitet,
1323 3555 1382 3592 non
1403 3536 1429 3588 ei

325 3589 482 3678 reddidisse
503 3601 667 3672 imperium,
689 3606 918 3677 quemadmodum
941 3611 1102 3676 cogitarat:
1124 3627 1182 3680 qno
1196 3608 1230 3662 de
1250 3625 1282 3663 re
1302 3625 1365 3660 cum
1379 3605 1428 3660 tla-

325 3677 439 3752 metttco
460 3673 703 3747 consultans(19),
725 3677 760 3728 ab
786 3697 819 3732 eo
846 3677 1229 3750 poenitudine-deducitur,
1254 3679 1427 3746 argumentis

323 3747 429 3819 partim
458 3759 532 3810 quae
562 3761 674 3799 mouere
700 3753 864 3816 potuerint,
890 3753 995 3821 partim
1024 3767 1097 3822 quoe
1116 3751 1256 3804 moverint
1275 3747 1425 3802 dissolutis.

324 3803 470 3888 ΒΞῬαΜθ
486 3808 520 3866 dt
534 3829 647 3887 recepta
661 3819 785 3872 sanitate
808 3825 921 3890 gratias
942 3824 1001 3890 agn
1011 3820 1077 3892 (πο).Ι
1091 3821 1218 3874 .·'Persae
1242 3821 1424 3890 populatores

324 3890 493 3956 uincuntur.
536 3883 637 3938 Acbris
659 3904 677 3936 a
700 3887 838 3942 Triballis
864 3891 1054 3946 obsidentibus
1076 3893 1221 3944 asseritur.
1256 3893 1371 3944 Moesus
1391 3899 1417 3940 et

324 3960 480 4028 imperator
496 3953 526 4002 in
541 3955 729 4009 Triballorum
739 3959 813 4028 fines
827 3963 997 4034 irrumpunt,
1013 3953 1123 4016 Moesus
1138 3979 1173 4014 es
1186 3962 1306 4015 vulnem
1316 3961 1420 4013 intes-it.

324 4013 451 4101 Regino,
471 4021 622 4079 Michaelis
638 4029 761 4092 coniux,
786 4033 966 4101 imperatoris
989 4051 1079 4094 sotor,
1103 4047 1164 4084 eum
1182 4033 1282 4085 liberis
1298 4033 1418 4102 pellitur.

322 4085 434 4139 Moesta
455 4090 490 4142 ab
514 4092 682 4164 imperatore
709 4113 861 4155 vastatur:
885 4103 1023 4174 quaedam
1037 4101 1141 4176 oppida
1163 4101 1335 4157 deditionem
1330 4101 1417 4223 ssci-

323 4166 382 4213 unt.
418 4157 453 4210 ln
475 4161 868 4240 loeumlsaiaepotriarclsae
889 4175 1015 4227 loannes
1042 4173 1189 4246 presbyter
1212 4175 1311 4244 magni
1351 4187 1418 4225 osse·

321 4226 389 4276 ttici
398 4243 485 4281 suasu
494 4231 679 4314 ab'episcopis
695 4254 865 4311 surrogatur
873 4243 938 4314 (os).
975 4245 1080 4299 Persae
1094 4257 1256 4308 vastatores
1267 4243 1341 4295 male
1352 4239 1416 4293 ssal-

321 4305 429 4352 tantur.
454 4298 623 4374 Sprqsannis
635 4309 834 4383 sociorumque
853 4317 886 4369 in
903 4314 1083 4370 domesticum
1098 4327 1126 4372 et
1144 4317 1339 4388 imperatorem
1352 4327 1413 4366 Μ·
