3056 4922
358 265 438 370 164
747 289 1025 396 mursensem

178 517 182 530 ‚
207 443 475 532 &camarinam
504 445 583 512 άλλά
605 441 661 511 καί
679 443 817 528 νομίζων
834 441 1085 529 εὗεργετείοθαι,
1104 440 1140 508 τά
1162 441 1319 526 ἐπίταγμα
1340 438 1428 524 έπλὴ·
1458 473 1460 488 =

352 567 431 631 ρουν
451 543 487 610 τὸ
507 545 571 610 σάν·
601 543 656 610 καί
674 547 749 626 νῦν,
779 545 933 628 καίτοιγε
953 547 1008 627 τῆς
1029 544 1180 625 στρατιάς
1200 538 1299 606 πολλὰ
1321 541 1430 621 δυσχε-

353 645 536 730 ραινόντων,
558 646 610 730 ἐφ’
626 638 674 720 οἶς
691 645 875 730 ἐπεχείρουν
896 643 1028 724 πείθειν,
1050 641 1093 718 ὥς
1113 642 1250 726 ἀκριβῶς
1269 636 1355 726 παρά
1375 641 1430 702 τοῦ·

353 744 683 831 πρέσβεωςμαθὴση,
714 739 731 807 ii
760 747 997 828 προστέταχας,
1024 741 1176 805 καίθεοῦ
1196 741 1429 825 συναιρομένου,

351 837 466 928 ἤγαγον
487 841 566 928 πρὸς
595 844 704 927 πέρας.
738 845 772 908 ἐν
796 845 857 922 μὲν
878 835 933 906 οὖν
959 850 1029 918 ταῖς
1057 843 1112 906 ε’πί
1134 842 1173 925 τῇ
1203 839 1262 902 cori
1282 840 1445 923 προτέρου5

321 945 486 1022 Βπολέμσυ
516 943 686 1006 καταθέσει
726 942 876 1016 σπονδαῖς
903 938 941 1005 τὸ
966 936 1027 1006 άπὸ
1059 933 1323 1026 Χριοτουπάλεως
1359 927 1431 1016 ἄχρι

350 1041 530 1124 Σηλυβρίας
550 1041 595 1116 εἷς
617 1040 703 1105 taras
723 1037 829 1126 ἀρχὴν
846 1041 1130 1126 περιεποιησάμην,
1153 1031 1191 1102 osi
1210 1037 1355 1118 δεόμενος
1375 1031 1430 1096 αὖ.

346 1133 417 1220 τὰς,
440 1135 521 1215 silici
545 1140 587 1202 δι’
608 1135 648 1215 dg
667 1134 755 1203 εἶπον
776 1138 882 1215 αι’τίας
901 1137 969 1204 τότε
990 1131 1089 1214 οὔσας
1110 1131 1292 1218 ἀναγκαίας.
1311 1135 1382 1198 νυνί
1397 1131 1430 1195 δὲ

347 1234 496 1317 συνιδών,
517 1235 602 1321 aies}
625 1238 679 1301 έπί
698 1247 763 1313 τοῖς
776 1237 931 1313 τοιούτοις
950 1235 1058 1322 είρῆνη
1080 1232 1163 1322 άρχὴ
1177 1235 1308 1317 κατέστη
1329 1229 1430 1296 desai-
1522 1313 1523 1320 ρ

347 1359 406 1418 ρυυ
427 1338 576 1417 πολέμου·
596 1335 641 1422 (oi
660 1335 720 1422 γάρ
743 1333 940 1425 συκοφάνται
957 1339 1012 1401 καί
1026 1334 1126 1401 κοινοί
1143 1335 1290 1416 πολέμιοι
1312 1330 1368 1397 καί
1381 1332 1464 1414 sipara
1522 1325 1523 1388 ζ

342 1432 507 1514 Ῥωμαίων
542 1433 643 1520 τάχης
672 1435 805 1522 άφανεῖς
833 1439 991 1517 λυμεῶνες
1015 1432 1094 1520 άλης
1122 1431 1354 1519 εὐπορήσαντες
1379 1428 1432 1493 καί

345 1530 464 1608 πολλάς
486 1535 590 1610 αἰτίας
612 1534 808 1615 πλασάμενοι
828 1537 884 1598 καί
898 1531 1060 1617 διαβολάς,
1081 1532 1254 1618 ε’ξάργισαν
1270 1535 1341 1608 κατ’
1357 1528 1431 1610 έμοῦ
1522 1579 1523 1584 ,

345 1635 401 1696 καί
419 1631 501 1717 πρδς
521 1631 658 1715 πόλεμον
679 1633 864 1718 ἐξώρμησαν
883 1633 916 1710 ἐξ
945 1634 1097 1715 οὐδεμιᾶς
1118 1633 1222 1709 atum
1242 1629 1427 1716 ἐμφανοῦς)
1522 1623 1523 1628 ’

346 1731 452 1808 δείσας
471 1729 517 1816 μὴ
547 1731 604 1796 καί
621 1726 718 1807 αὖθις
738 1731 794 1814 τὴν
814 1733 973 1818 προτέραν
999 1740 1116 1816 μοῖραν
1136 1733 1194 1816 τῆς
1215 1719 1318 1816 ἀρχῆς
1339 1719 1360 1813 ἢ
1380 1729 1431 1791 καί

346 1829 452 1894 πλεῖόν
479 1855 511 1896 τι
542 1827 833 1916 ίδιοποιησάμενος,
868 1829 1020 1916 ἀφορμάς
1044 1828 1140 1895 πάλιν
1177 1837 1244 1906 τοῖς
1271 1827 1463 1913 aveamus-15

319 1931 579 1994 exscreationes
600 1929 778 2014 παράσχω,
800 1927 855 1992 καί
873 1927 1068 2009 πλασάμενοι
1088 1925 1257 2010 διαβολάς,
1279 1923 1361 2010 πρὸς
1379 1921 1431 1989 τὸν

312 2069 313 2074 1
345 2031 411 2092 κατ’
433 2029 513 2109 ἐμοῦ
533 2025 666 2109 πόλεμόν
687 2052 722 2094 σε
745 2029 932 2114 έρεθιλτωσιν
953 2019 1067 2109 αὖθις,
1098 2021 1173 2108 ὅπερ
1201 2027 1430 2106 ἐπαχθέστερον

344 2127 419 2209 ἐμοί
450 2125 611 2192 θανάτου·
646 2129 754 2213 φέρων
781 2124 845 2190 ainsi
877 2123 935 2211 τὴν
963 2123 1023 2210 σὴν
1054 2123 1199 2202 ἐξουσίαν
1228 2123 1431 2208 παραδιδωμι

345 2224 445 2289 πάντα
456 2275 466 2304 ,
505 2219 541 2287 ov‘
562 2221 667 2302 πόλεις
685 2222 781 2304 μόνον
809 2222 864 2288 καί
881 2222 992 2309 χώραν
1022 2225 1076 2287 καί
1106 2221 1276 2307 δημοσίους
1304 2219 1430 2308 φόρους,

345 2317 426 2386 ἀλλὰ
448 2317 503 2384 καί
521 2320 618 2384 αὐτὸν
638 2323 694 2404 ἐμὲ
713 2320 795 2401 μετά
816 2320 943 2410 πάντων
962 2313 1008 2386 ὧν
1028 2313 1105 2404 dyas,
1125 2318 1319 2386 saisiriaci
1338 2319 1463 2406 sadriano

345 2419 398 2485 σοί
415 2422 489 2504 περί
508 2420 565 2504 τῆς
595 2419 777 2504 διοικήσεως
796 2416 921 2486 πάντων
940 2423 1073 2506 μελήσει
1093 2421 1211 2497 ἕκαστα
1232 2422 1428 2506 σκεψαμένῳ.

345 2521 402 2584 τοῦ
421 2521 528 2599 μέντοι
555 2521 789 2604 μισθοφορικοῢ
808 2522 864 2605 τῆς
884 2523 1036 2605 στρατιᾶς
1056 2515 1111 2584 τὸν
1137 2516 1257 2601 μισθὸν
1277 2514 1430 2604 adivisse,

327 2616 501 2712 ιπαρέσχον
529 2613 585 2681 καί
605 2619 663 2702 γῆς
694 2613 812 2707 ἑκάστῳ
842 2620 965 2704 πλέθρα
984 2617 1128 2704 χρυσίων
1149 2619 1236 2682 δέκα.
1273 2616 1350 2702 περί
1373 2617 1430 2698 μὲν

344 2785 593 2851 contradicentem,
622 2793 714 2860 neque
733 2787 865 2852 curiosius
893 2793 1123 2857 perscrutantem,
1153 2785 1202 2838 sed
1219 2783 1385 2838 beneficiam
1401 2781 1428 2834 id

249 2906 253 2914 ,
343 2855 562 2920 existimantem,
592 2859 651 2909 eius
669 2861 742 2912 iussa
760 2859 911 2928 peregisse3
938 2867 966 2910 et
983 2873 1056 2910 nunc
1074 2873 1185 2928 quaque
1207 2857 1333 2928 quamvis
1353 2869 1430 2908 exer·

343 2926 399 2976 cita
419 2926 535 2978 muitum
553 2938 694 2981 aversante
723 2931 878 2990 consilium,
896 2926 972 2999 quod
997 2933 1026 2979 tu
1052 2928 1096 2979 illi
1123 2935 1247 2980 accurate
1270 2923 1429 2986 declarabis,

362 2997 565 3061 meminerit,
596 3000 654 3050 Deo
673 2999 745 3052 bene
766 3000 892 3063 iurante,
922 2999 1027 3050 exitum
1054 3015 1112 3050 esse
1131 3003 1281 3050 consecuta
1320 2997 1353 3048 ln
1370 2997 1427 3048 soe·

340 3013 408 3118 dere
426 3067 519 3138 itaque
530 3078 642 3138 propter
659 3067 858 3141 bellum,quod
876 3071 1035 3132 antecessit,
1053 3068 1245 3130 omittendum,
1264 3065 1342 3138 quod
1359 3067 1428 3118 inter

342 3136 530 3207 Christopolin
557 3146 585 3190 et
611 3140 764 3207 Selybriam
787 3149 920 3192 terrarum
949 3137 1108 3202 interiacet,
1137 3155 1194 3191 non
1220 3139 1285 3208 quia
1313 3153 1427 3206 egerem,

341 3205 389 3258 sed
407 3206 444 3258 ab
461 3211 581 3262 rationes
609 3213 794 3273 necessarias,
820 3227 887 3282 quas
908 3210 1018 3276 aperui,
1042 3207 1111 3260 mihi
1135 3211 1165 3261 in
1184 3207 1367 3277 principatum
1386 3223 1427 3258 ss·

342 3278 423 3329 serui.
460 3278 519 3331 lloc
539 3287 630 3330 autem
648 3289 780 3348 tempore,
799 3279 863 3332 dum
880 3281 1016 3348 perspicio
1034 3295 1128 3348 pacem
1144 3281 1201 3332 illis
1219 3277 1426 3330 conditionibus

340 3349 524 3410 conciliatam,
546 3349 620 3401 bello
631 3366 701 3402 noro
719 3347 827 3401 dedisse
848 3351 969 3412 initium,
986 3349 1204 3420 (calumniatores
1225 3348 1298 3401 enim
1312 3357 1341 3400 et
1353 3365 1426 3400 com-

340 3433 437 3470 munes
464 3419 569 3470 inimici
602 3421 780 3489 occultaeque
808 3421 943 3472 Romanae
969 3420 1097 3473 fortunae
1134 3428 1225 3490 pestes
1256 3419 1426 3470 occasionem

337 3491 429 3550 nacti,
456 3489 549 3540 multis
570 3489 732 3542 criminibus
759 3491 898 3552 confictis,
924 3489 1004 3540 illum
1029 3500 1122 3542 contra
1145 3507 1189 3542 me
1215 3489 1424 3550 inflammarunt,

337 3567 367 3609 at
384 3556 417 3608 ad
436 3573 509 3609 arma
528 3559 594 3610 citra
612 3560 697 3611 uttam
715 3577 821 3612 causam
844 3559 1015 3613 manifestam
1033 3561 1198 3630 instigarunt
1206 3560 1225 3631 ‚)
1254 3561 1354 3611 timere
1373 3575 1424 3619 me,

337 3643 373 3678 ne
392 3627 414 3678 si
433 3628 532 3679 iterum
551 3629 692 3697 pristinam
718 3639 822 3698 partem
846 3631 971 3701 imperii,
996 3638 1043 3682 aut
1061 3647 1093 3682 ea
1111 3629 1180 3700 plus¹
1200 3632 1283 3683 etiam
1306 3628 1377 3680 mihi
1394 3635 1424 3679 ut

272 3733 277 3742 ·
335 3700 474 3768 propriam
500 3699 679 3762 vindicarim,
707 3718 797 3753 rursus
825 3699 887 3752 dem
912 3717 1064 3753 sermonem
1087 3703 1227 3754 criminari
1247 3699 1422 3752 volentibus:

335 3776 364 3820 et
384 3767 426 3819 illi
446 3768 596 3821 mendaciis
615 3774 671 3822 suis
693 3771 729 3823 'ad
751 3770 854 3824 bellum
872 3771 902 3824 in
920 3789 970 3824 nos
982 3771 1016 3824 sle
1034 3774 1141 3842 integro
1161 3773 1251 3841 ipsum
1269 3769 1424 3838 proritent;

334 3835 410 3908 quod
428 3840 539 3908 quidem
558 3849 645 3893 morte
669 3844 728 3912 ipsa
752 3844 867 3894 amarius
890 3843 980 3895 foret:
1008 3841 1072 3894 ideo
1093 3841 1144 3894 sab
1174 3843 1233 3894 eius
1259 3847 1422 3909 potestatem

335 3908 471 3961 subiicere
488 3928 531 3962 me
550 3913 656 3978 omnia;
673 3930 730 3966 non
748 3913 830 3965 urbes
849 3913 993 3965 dumtaxat
1016 3920 1045 3964 et
1062 3913 1200 3982 regionem
1219 3920 1248 3964 et
1264 3909 1422 3978 vectigalia,

334 3978 382 4030 sed
408 3995 451 4031 me
481 3981 570 4048 ipsura
588 3981 700 4052 insuper
724 4001 785 4035 eum
811 3991 881 4045 toto,
901 3999 982 4054 quem
1001 3981 1081 4045 duco,
1111 3985 1248 4036 exercitus
1270 3990 1300 4032 et
1316 3997 1352 4031 ea
1370 3977 1422 4030 hoc

333 4055 458 4119 tempore
476 4050 517 4102 iili
539 4053 652 4120 singulis
668 4053 834 4123 exploratis,
853 4054 1041 4106 universorum
1060 4053 1325 4106 administrationem
1343 4064 1421 4102 curse

334 4118 460 4171 neuram.
497 4121 691 4176 Verumtamen
710 4123 847 4194 stipendia
867 4124 1095 4176 mercenariorum
1113 4124 1233 4176 rnilitum
1253 4122 1362 4173 auxisse
1379 4133 1421 4170 sne

333 4194 361 4239 et
384 4190 533 4260 assignasse
562 4191 678 4247 cuilibet
706 4195 762 4265 agri
791 4193 920 4257 modam,
952 4193 1027 4248 unde
1045 4195 1122 4248 aurei
1151 4195 1294 4266 capiantur
1320 4190 1421 4244 decena.
