3074 4946
450 297 733 369 urssoussuuu
760 305 800 366 u.
823 309 855 380 ο.
1102 275 1184 393 367

124 434 197 511 άττα
224 442 264 514 ds
281 446 424 532 βούλοιτο
445 450 563 538 odric,
592 453 648 520 καί
672 457 730 524 νύν
758 455 853 523 ούδέν
880 447 974 542 ἧττον
993 457 1074 546 πρύς
1099 461 1340 553 τούτοεςψη

121 551 398 632 παρεσκευασμένος
431 545 521 618 εἶναι.
573 555 626 641 ἐφ’
647 547 688 619 od
715 558 751 621 δὲ
770 553 894 621 πειθειν
925 559 983 624 νύν
1006 561 1192 648 ἐπιχειρεῖς,

120 645 154 708 ού
178 644 284 726 σύζειν
305 647 362 733 τήν
381 649 573 719 ἀκολουθίαν
599 649 654 719 τάν
676 655 778 738 λόγον.
803 658 870 720 πᾶν
891 655 951 742 γάρ
973 659 1094 725 ἐθέλειν
1120 675 1285 736 ποι-Ρ.Ὦὸ

117 751 159 806 εῖν
181 747 277 832 φαίην
303 744 360 832 άν,
397 746 417 813 d
443 746 481 815 ού
502 753 545 815 δι’
569 753 625 834 ἐμέ
653 747 693 819 ds
717 754 872 839 γίγνοιτο,
903 752 956 820 διά
983 759 1019 822 σέ
1044 758 1091 822 δέ·
1119 759 1194 846 περί
1290 739 1293 750 ’

99 835 152 906 toi
165 845 198 909 δέ
222 848 277 913 νῦν
303 847 320 913 d
345 846 436 933 λόγος
459 853 501 916 δι’
526 852 582 932 ἐμὲ
598 842 702 934 ὄντος,
730 847 768 918 ού
788 855 908 920 δίκαιον
930 849 1009 918 οὐδ”
1024 847 1191 940 άναγκάῖον

113 942 153 1018 εἰς
171 943 268 1010 πειθιδ
296 950 439 1041 τῷλόγῳ
458 951 613 1036 χρῆσθαι,
644 945 746 1030 άλλως
770 977 805 1019 τε
830 956 887 1019 καί
910 951 1010 1019 αύτάν
1037 953 1190 1034 άσαύτιος

113 1041 298 1126 διακείμενον
326 1053 401 1135 περί
426 1053 483 1133 ἐμὲ
505 1049 560 1116 καί
581 1061 648 1130 τοῖς
676 1050 799 1136 δμοίοις
822 1051 879 1119 καὶ
904 1051 1001 1118 αύτὸν
1028 1055 1191 1140 χρώμενον

109 1142 212 1226 λόγοις,
231 1141 288 1212 osis
302 1141 431 1234 εὔλογον
447 1147 523 1236 πρὸς
540 1151 597 1234 ἐμὲ
613 1155 672 1233 μέν
688 1153 822 1240 ι’σχυρδν
849 1151 903 1219 τὸν
921 1151 1013 1236 λόγον
1032 1153 1188 1240 ἡγεῖσθαι,

109 1238 181 1326 uodo
196 1247 232 1312 σέ
256 1249 291 1313 δέ
309 1246 353 1334 μη
380 1247 542 1315 δύνασθαι
557 1246 597 1315 τά
619 1249 684 1316 ἴσοι.
715 1255 746 1318 εἰ
761 1254 798 1316 δ’
815 1255 850 1318 έν
868 1247 1058 1340 άμφοτέροις
1074 1250 1188 1336 ὁμοίαν

75 1337 166 1422 ιοέχει
182 1343 240 1428 την
260 1343 378 1431 ίαχυν,
400 1350 521 1414 δίκαιον
538 1351 595 1415 καί
615 1353 651 1416 σὲ
670 1345 689 1414 ὃ
707 1354 828 1433 μάλλον
849 1351 910 1436 ε’γοδ
923 1351 1082 1434 βούλομαι
1098 1355 1190 1438 ποιῆ-

104 1463 166 1526 σαι,
186 1435 288 1524 άλλως
311 1448 419 1513 sexui
436 1451 510 1535 περὶ
548 1450 629 1531 ἐμοῦ
652 1453 709 1515 τού
730 1451 919 1535 ζητουμένου
943 1443 1042 1528 ὄντος.
1076 1447 1190 1517 Τοιού-
1214 1483 1223 1514 ι

102 1563 159 1606 των
180 1541 218 1629 δή
238 1570 338 1612 τινων
355 1546 411 1613 καί
426 1547 579 1614 πλειόνων
595 1545 713 1636 ἑτέρων
730 1548 810 1636 πρὸς
829 1545 982 1636 ἀλλήλους
1005 1549 1186 1637 εἶρημένιον,
1291 1569 1297 1580 “

100 1643 248 1723 βασιλέως
263 1648 328 1727 μὲν
347 1649 582 1734 ἐπιχειροῦντος
602 1647 726 1713 πείθειν
754 1651 905 1734 δέχεσθαι
927 1647 986 1733 την
1010 1649 1214 1732 βασιλείανῶ

98 1743 150 1803 τού
173 1742 317 1828 μεγάλου
339 1746 526 1826 δομεστίκου
553 1749 589 1812 δὲ
612 1747 691 1834 μήτε
710 1751 902 1830 βουλομένου
923 1745 1006 1833 μήτε
1033 1748 1186 1830 πειθομέ-

70 1847 163 1921 ι5νου,
187 1838 222 1908 τά
244 1846 306 1909 νύν
328 1846 388 1925 μέν
409 1841 484 1928 ἔχον
509 1843 717 1932 διελύθησαν,
749 1839 815 1910 οὔτ’
843 1840 1119 1932 ἀπαγορεύσαντος
1137 1845 1184 1921 εἰς

96 1939 175 2017 τέλος
200 1945 379 2027 βασιλέως,
416 1935 490 2008 οὔτε
520 1945 579 2010 τοῦ
603 1948 741 2029 μεγάλου
769 1948 953 2026 δομεστίκου
980 1944 1183 2028 ἀποσχέσθαι

97 2041 145 2102 sori
161 2040 353 2127 πράγματος
373 2051 480 2108 πείσαι
506 2045 693 2128 δυνηθέντος
715 2045 857 2127 βασιλέα
899 2043 1050 2127 βασιλεὺς
1066 2045 1102 2108 δὲ
1121 2040 1182 2106 αύ-

95 2133 141 2201 τὸν
160 2136 266 2218 ούτονς
291 2137 524 2225 ἀνθιστάμενον
545 2141 647 2228 δρῶν,
678 2145 744 2210 δεῖν
771 2141 851 2228 ἔγνω
872 2141 928 2208 καί
951 2137 1080 2228 ἑτέρους
1103 2137 1183 2226 πρὸς

92 2236 187 2304 πειθοδ
213 2245 433 2328 παραλαβεῖν,
460 2239 578 2318 εἴπας
598 2243 748 2328 δυνηθείη
771 2244 813 2308 δι’
835 2241 942 2308 αύτοῖν
961 2250 1069 2306 πεῖσαι
1092 2242 1182 2317 δέξα-

56 2340 164 2405 τοσθαι
189 2337 250 2425 τὴν
268 2341 460 2425 βασιλείαν,
490 2346 546 2406 καί
568 2339 759 2426 παραλαβών
783 2337 990 2428 Ἀνδρόνικον
1011 2335 1067 2407 τὸν
1082 2335 1182 2404 ’Λαά-

88 2457 158 2522 νην,
182 2427 261 2506 ὄντα
279 2441 341 2504 τού
356 2439 495 2525 μεγάλου
513 2443 696 2524 δομεστίκου
714 2439 888 2527 πενθεράν,
916 2437 1042 2505 καὶτὸν
1058 2460 1181 2525 προστο-

85 2534 242 2624 οτράτοροι
261 2536 466 2624 Συναδηνδν,
496 2542 552 2606 καί
572 2539 673 2605 αύτού
697 2538 834 2624 μεγάλου
856 2536 1040 2620 δομεστίκου
1065 2532 1182 2623 παράν-

84 2655 154 2722 τος,
184 2636 270 2720 μετά
297 2635 334 2702 τὸ
361 2640 570 2725 διαλεχθῆναι
597 2635 676 2726 περί
693 2662 787 2705 τινοιν
811 2633 927 2724 ἑτέρων
952 2635 1029 2723 πρὸς
1055 2631 1180 2718 αύτούς,

81 2725 141 2822 ἤδη
164 2735 224 2804 καὶ
243 2735 324 2826 περὶ
343 2739 400 2804 τοῦ
422 2741 628 2826 προκειμένου
645 2740 949 2826 προοιμιαζομένου,
970 2732 987 2799 δ
1006 2737 1104 2820 μέγας
1120 2737 1205 2816 doc

77 2945 135 2982 rum
154 2947 230 3003 quas
250 2930 304 2984 ille
320 2931 390 2984 velit
410 2933 510 2996 omnis,
529 2936 557 2984 et
575 2930 604 2984 in
621 2947 747 3001 praesens
761 2927 851 2984 nihilo
870 2931 960 2982 minus
977 2927 1011 2982 sd
1023 2927 1077 2983 hoe
1090 2928 1181 3000 ipsum

75 3009 202 3066 peretum
228 3017 302 3054 esse.
342 3003 470 3056 Ceterum
496 3003 571 3076 quod
589 3001 670 3054 modo
688 3019 704 3054 α
722 3019 750 3053 se
768 3007 881 3054 conetur
903 3003 1067 3071 impetrare,
1092 3002 1121 3050 in
1147 3015 1180 3052 eo

73 3071 199 3126 nondiei
216 3071 409 3132 cohaerentia.
445 3073 546 3125 Omnis
562 3075 634 3124 enim
653 3067 777 3141 prompte
795 3088 839 3122 me
851 3079 1039 3123 exsecuturum
1054 3069 1181 3134 dixerim,

74 3141 180 3214 inquit,
200 3159 278 3214 quse
293 3161 348 3194 non
365 3151 477 3215 propter
494 3159 548 3206 sne,
564 3143 613 3195 sed
631 3150 785 3212 propterte
804 3143 877 3194 iisnt.
913 3141 983 3194 Cum
996 3159 1075 3210 porro
1088 3138 1125 3202 id,
1145 3139 1180 3192 de

72 3227 129 3281 quo
153 3229 233 3266 nuno
254 3229 409 3265 sermonem
427 3213 577 3277 habemus,
594 3223 708 3284 propter
729 3229 772 3265 me
791 3214 836 3274 sit,
862 3227 953 3283 neque
971 3213 1078 3264 iustitia
1104 3212 1181 3274 sinit,

69 3299 165 3354 neque
179 3287 340 3337 necessitas
359 3285 463 3354 flagitet
482 3285 633 3368 quidquem
654 3293 681 3336 te
701 3284 844 3335 verborum
863 3283 978 3352 emplius
996 3282 1181 3352 persuasionis

70 3368 135 3423 ergo
154 3355 305 3425 proloqui.
342 3351 409 3407 Nom
428 3355 492 3426 quie
511 3362 542 3404 tu
559 3361 598 3405 ste
612 3359 722 3407 effectus
743 3371 771 3406 es
790 3369 850 3422 erga
869 3369 925 3416 me,
946 3349 1043 3422 ut'ego
1063 3369 1124 3422 erga
1142 3360 1181 3416 te,

69 3431 97 3476 et
113 3424 194 3478 idem
218 3423 301 3496 quod
319 3439 369 3493 ego
387 3424 541 3494 profiteris,
565 3441 621 3476 non
641 3433 683 3476 est
701 3423 851 3477 secundun?
867 3425 999 3476 rationem
1017 3426 1181 3486 existimare,

68 3498 233 3548 orationem
249 3503 325 3546 tuam
342 3495 415 3564 opud
433 3511 476 3546 me
491 3496 582 3546 velere
596 3494 706 3558 debere,
725 3511 812 3548 meum
827 3493 900 3564 apud
918 3501 946 3546 te
964 3511 1019 3546 non
1038 3495 1114 3550 item.
1151 3491 1181 3546 Si

67 3565 158 3634 igitur
174 3569 207 3618 in
224 3574 348 3634 utroque
360 3565 473 3617 eundern
488 3565 542 3616 sins
554 3563 776 3636 habereturque
786 3566 868 3628 vales,
886 3563 965 3617 decet
978 3571 1008 3616 ut
1022 3571 1052 3616 tu
1069 3582 1124 3636 quo
1165 3579 1181 3615 ο

64 3637 144 3706 quod
160 3653 217 3706 ego
234 3636 341 3698 malim,
358 3634 388 3686 id
404 3642 533 3704 praestes,
552 3651 612 3686 enm
626 3637 782 3705 praesertim
795 3635 830 3688 de
846 3651 889 3686 me
901 3636 937 3686 sit
952 3637 1100 3704 negotium.
1153 3635 1176 3684 is

64 3715 95 3758 et
108 3707 250 3776 pluribus
269 3707 340 3757 ultro
354 3707 479 3776 citroque
497 3705 587 3768 dictis,
605 3707 768 3775 imperatore
784 3706 813 3758 id
831 3713 936 3775 agente,
952 3713 983 3755 ut
997 3721 1057 3755 eum
1073 3703 1107 3756 ud
1124 3705 1177 3754 im-

61 3779 140 3847 perii
154 3779 327 3829 societatem
341 3775 533 3844 capessendum
549 3775 701 3839 induceret,
714 3793 809 3846 magno
828 3791 890 3827 sero
905 3773 1052 3826 domestico
1069 3789 1177 3842 prorsus

61 3848 229 3910 abnuente,
246 3848 278 3898 iss
292 3863 419 3915 praesens
434 3847 548 3914 digressi
564 3855 641 3898 sunt:
659 3865 718 3900 cum
733 3863 783 3897 nec
795 3845 867 3896 illes
889 3860 930 3895 em
943 3846 1054 3894 omnino
1071 3843 1177 3894 obiice-

61 3928 119 3971 ret:
141 3935 201 3970 nee
220 3915 273 3968 hic
284 3925 389 3968 tentum
403 3917 515 3978 valeret,
535 3923 566 3968 ut
583 3933 598 3966 ιι
614 3919 750 3968 sententio
769 3915 847 3966 illum
863 3861 1045 3983 detorqueret
1074 3911 1178 3964 Videns

59 3989 224 4060 ergo‘adoo
244 3987 431 4040 retracturum
447 3989 603 4055 imperetur,
621 3987 690 4038 elios
703 3989 815 4054 insuper
828 3987 856 4036 in
870 3990 971 4053 purtem
984 3983 1084 4036 loboris
1094 3981 1176 4034 huius

55 4059 164 4113 vocare
188 4057 313 4118 statuit,
338 4059 361 4108 si
381 4057 451 4108 sorte
470 4073 519 4126 per
535 4073 581 4108 eos
600 4055 675 4127 qnod
692 4056 801 4108 volebat
827 4063 1045 4124 consequeretur.
1092 4054 1178 4121 igitur

57 4129 273 4183 Andronicum
289 4129 419 4190 Assnem,
447 4129 532 4194 ipsius
553 4143 690 4189 socerum,
717 4135 745 4178 et
763 4127 985 4195 protostratorern
1004 4121 1178 4189 Synsdenum

55 4201 206 4255 sssumit:
228 4195 439 4270 domesticoque
456 4213 547 4251 eorum
558 4204 712 4270 praesente,
729 4204 874 4267 postquem
891 4210 973 4265 super
985 4193 1046 4246 siiis
1059 4191 1180 4246 nonnul·
