3082 4940
322 213 403 298 552
730 224 1015 304 cumacinam

170 394 421 480 λθιδήιλόγοις
443 394 560 478 μόνον,
583 393 666 460 aas&
685 395 740 459 soi
763 395 807 482 τῷ
826 391 867 458 τό
896 401 962 468 τοῖς
980 389 1141 475 θεολόγοις
1164 395 1241 476 περὶ
1258 392 1337 458 θεοῦ
1356 392 1406 454 ds-

317 498 453 579 ῦογμέκα
480 497 725 578 ἔξηκριβωκέναι
748 495 940 579 διαφέρων)
970 489 1130 568 καταστὰς
1148 491 1230 576 πρός
1259 491 1335 565 τοῦς
1353 488 1408 555 λό-

315 617 391 679 γους
411 595 466 658 καί
486 589 598 675 αῦτός,
620 603 734 680 σαφεῖς
755 592 811 656 καί
831 591 964 674 βεβαίας
976 589 1141 676 παρείχετο
1156 587 1215 666 τοὶς
1235 585 1409 665 ἀποδείξεις

314 697 379 760 ταῖν
399 694 590 776 λεγομένων,
619 692 656 756 οῦ
674 697 893 774 συλλογισμοῖς
919 687 1085 776 χρώμενος
1113 693 1168 754 καὶ
1188 693 1409 773 γεωμετρικωξ

316 787 485 876 ἀνάγκαις,
505 786 592 876 (οῦδὲ
613 788 672 876 γόρ
693 786 760 856 οἷόν
786 814 821 856 τε
848 794 885 855 ἐκ
904 793 966 856 τῦν
984 795 1061 854 καθ’
1079 786 1165 874 ἡμᾶς
1185 782 1426 854 όποόεικνῦναιὸ

285 890 359 962 but
379 890 460 977 ὑπὲρ
487 887 572 973 ἡμᾶς
582 894 606 977 ,)
640 888 722 955 α’λλῦ
742 899 806 967 τοϊς
833 890 936 974 λόγοις
961 892 1023 955 τῦν
1050 888 1151 972 οἷγίων
1181 885 1236 952 καλ
1253 881 1409 967 θεολόγων

314 983 457 1073 όνῦρῶν,
479 984 535 1066 σός
563 987 601 1053 τό
635 993 759 1072 πνεῦμα
775 987 810 1056 τό
829 985 920 1072 ῦγιον
944 988 1137 1072 ἐχρημάτισε
1165 990 1209 1053 δι’
1241 971 1408 1070 edraim}

313 1085 416 1153 πάντα
443 1089 611 1174 ἐρευνῦται
632 1088 687 1154 καί
713 1087 753 1155 τό
785 1090 874 1173 βάθη
907 1089 966 1154 τοῦ
985 1089 1083 1158 θεοῦ.
1122 1085 1299 1179 duodecimo
1314 1110 1350 1150 τε
1374 1087 1409 1150 ἐκ
1513 1133 1514 1170 η

313 1189 437 1252 πολλῶν
459 1189 522 1252 τῶν
547 1190 722 1272 λεγομένοιν
746 1184 784 1252 τό
803 1185 882 1252 κατὰ
905 1185 943 1253 τό
975 1185 1145 1274 Θαβοόριον
1167 1183 1245 1260 τοῦς
1260 1183 1409 1277 μαθηξός

312 1283 556 1373 περιαστράψαι
576 1290 646 1373 φῦς
663 1289 760 1362 δόξαν
775 1278 919 1373 ῦναρχον
932 1290 989 1352 τοῦ
1005 1289 1083 1350 θεοῦ
1098 1284 1155 1352 καὶ
1174 1287 1244 1372 φοῦς
1256 1283 1442 1369 θεότητοςτο

314 1383 370 1450 καί
390 1382 522 1470 θεότητα
551 1388 610 1450 καὶ
637 1381 774 1472 φυσικόν
802 1386 859 1450 καὶ
879 1380 982 1452 tetro
1002 1387 1059 1451 rori
1080 1387 1162 1450 θεοῦ
1186 1387 1256 1472 quta
1275 1382 1331 1448 κατ’
1352 1377 1409 1446 ὅσα
1513 1435 1514 1456 2

313 1487 444 1548 τοιαῦτα
471 1481 560 1570 παρὰ
591 1493 658 1560 τοῖς
681 1483 845 1566 θεολόγοις
870 1482 1099 1565 πιστευόμευόν
1123 1480 1235 1549 τεκαὶ
1253 1503 1410 1567 προσαγο-
1513 1547 1514 1562 ,

314 1581 493 1666 ρευόμενου.
535 1577 602 1663 εἶτα
621 1586 657 1648 ἐκ
680 1584 745 1647 τῶν
774 1579 896 1670 ῥήσεων
912 1583 977 1648 νῦν
996 1585 1185 1666 θεολογικόν
1204 1582 1409 1665 σονεπέροιινε
1513 1593 1514 1650 s

314 1682 370 1745 καό
390 1680 497 1763 αὐτὸς,
527 1681 572 1757 ῦς
598 1682 634 1746 τό
657 1682 762 1748 ἄΐῦιον
785 1679 842 1746 καί
866 1679 1004 1769 φυσικόν
1024 1685 1083 1746 τοῦ
1104 1683 1185 1746 θεοῦ
1208 1674 1266 1745 οῦκ
1289 1674 1333 1744 ἂν
1365 1675 1411 1762 εἴη

315 1778 456 1864 ετιστόν,
480 1779 555 1849 οῦδὲ
577 1781 597 1867 ἦ
619 1775 759 1866 ῦναρχος
780 1779 854 1859 δόξα
874 1784 931 1848 καὶ
946 1783 966 1867 ἤ
984 1784 1132 1865 βασιλεία
1150 1784 1209 1846 τοῦ
1223 1783 1322 1862 θεοῦ,
1342 1779 1445 1848 οῦόίὅ

223 1872 380 1966 blathon
396 1877 475 1966 πρός
498 1881 562 1946 νῦν
579 1878 738 1964 θεολόγων
759 1877 796 1944 τό
824 1883 893 1968 φῶς
914 1883 1013 1947 ε’κεῖνο
1028 1876 1173 1966 ῦμνητιιι.
1215 1881 1272 1946 ἐπὶ
1288 1879 1412 1951 vetrae

315 1983 351 2046 δὲ
372 1977 428 2044 sai
444 1977 499 2044 τόν
511 1977 572 2044 siud
597 1981 661 2043 τεόν
692 1977 770 2052 κατὰ
794 1973 952 2046 τὸνἍθω
978 1978 1078 2047 όσόων
1099 1979 1230 2065 ἀνδρῶν
1247 1983 1411 2079 συητεθει-

314 2080 409 2162 μόνον
429 2079 549 2162 παρῆγε
568 2075 682 2160 τόμον,
714 2075 750 2155 ῦς
772 2079 859 2168 αῦτρῦ
875 2081 935 2161 μὲν
959 2077 1124 2166 συνηγόρει
1146 2080 1190 2156 οἷς
1206 2075 1246 2143 τό
1269 2075 1327 2143 ἴσα
1347 2083 1414 2152 τοῖς
1513 2131 1514 2138 ,

291 2201 295 2207 ’
316 2177 418 2260 όγόοις
437 2179 658 2266 φθεγγομένην,
679 2176 843 2264 Βαρλαοίμ
872 2180 908 2246 di
921 2182 1130 2266 βλασφημίαν
1151 2179 1208 2244 κατ’
1227 2178 1413 2254 κακοδοξῶν
1513 2175 1514 2250 i

316 2273 482 2359 κατηγόρει
512 2278 638 2360 πολλήν.
661 2275 731 2341 ε’πεό
751 2279 787 2341 di
804 2279 839 2342 ἐκ
868 2281 992 2344 πολλῶν
1023 2279 1087 2344 τοῦν
1108 2279 1283 2362 λεγομένων
1303 2275 1325 2361 ἢ
1344 2275 1448 2360 νότηεο
1513 2271 1514 2332 i

315 2373 397 2460 πρός
420 2375 452 2437 Γ
449 2373 597 2460 ρηγόριον
623 2375 782 2456 ἀπόβλεπε
806 2377 863 2440 καὶ
885 2375 964 2452 τοῦς
986 2375 1163 2460 μοναχοῦς,
1195 2373 1326 2444 πόντων
1351 2368 1413 2458 ἤδη

197 2498 203 2514 ·
316 2473 532 2554 πεπεισμένων
547 2483 611 2548 τοῖς
629 2473 730 2558 όγόοις
745 2475 879 2539 ἕπεσθαι
895 2474 949 2540 καὶ
959 2474 1120 2559 θεολόγοις
1140 2475 1197 2540 καί
1212 2472 1258 2559 μὴ
1278 2483 1351 2550 τοῖς
1379 2475 1414 2540 εἰι

315 2575 437 2648 κοιλίας
456 2574 632 2658 εἰρημένοις
647 2572 824 2659 Βαρλαόμ,
844 2574 989 2660 συνεώρα
1004 2599 1037 2640 τε
1054 2577 1109 2640 κατ’
1124 2569 1221 2652 αῦτός
1240 2573 1284 2650 ῦς
1298 2567 1359 2664 orig
1374 2569 1414 2638 όν

317 2671 499 2758 deodoricus
519 2675 575 2758 τῆς
588 2674 805 2757 γλωσσαλγιας
816 2672 872 2738 κατ’
890 2677 946 2759 τῆς
963 2675 1166 2758 βωμολοχιας
1181 2675 1295 2739 δοῦναι
1310 2673 1411 2758 δίκην,

315 2858 428 2923 llnscnt,
454 2859 531 2932 (erat
551 2860 624 2912 enlm
642 2876 698 2912 non
717 2859 882 2914 indicendo
901 2861 989 2913 solum
1008 2861 1139 2926 eximius,
1164 2859 1314 2914 sedetiam
1331 2859 1410 2914 theo·

314 2930 412 3000 logicis
429 2931 529 2984 litteris
548 2929 780 2994 cruditissimus,)
801 2933 825 2983 is
843 2933 990 3000 perspicus
1008 2940 1037 2984 et
1053 2931 1129 2984 firme
1145 2931 1283 3002 probabat
1299 2941 1412 2984 seuten-

315 3003 385 3052 tiam
418 3017 495 3053 susm
529 3018 585 3052 non
609 2999 773 3071 syllogismis
796 3009 825 3053 et
845 3003 1017 3072 geometricis
1035 3002 1273 3066 conclusionibus,
1301 3001 1411 3074 (neque

317 3071 392 3122 enirn
416 3079 526 3142 poterat
543 3089 577 3122 ex
595 3073 645 3134 iis,
673 3089 744 3143 quae
761 3079 825 3124 sunt
849 3071 923 3143 apud
940 3091 1005 3135 nos,
1031 3072 1216 3125 demonstrare
1238 3089 1311 3144 quac
1330 3088 1411 3142 supra

316 3140 400 3212 nou)
421 3142 468 3194 ssd
487 3150 642 3194 sanctorum
660 3150 688 3193 et
706 3141 861 3211 theologiae
879 3143 1029 3212 peritorum
1046 3140 1189 3196 hominum
1208 3145 1314 3206 effatis,
1342 3158 1409 3212 quae

316 3211 373 3263 illis
397 3211 515 3281 Spiritus
534 3198 642 3264 sancius
661 3215 803 3281 suggessit,
822 3230 876 3283 quo
888 3216 980 3266 omnia
999 3211 1171 3283 indagantur,
1191 3215 1275 3266 etiam
1294 3215 1411 3282 proruu-

317 3281 353 3338 dc
371 3282 438 3334 Dei:
458 3282 630 3350 docebatque
648 3286 772 3349 copiose,
791 3283 884 3336 lumen
901 3285 930 3336 in
950 3283 1071 3345 Thabor,
1090 3283 1164 3355 quod
1183 3283 1333 3352 discipulos
1352 3284 1411 3336 col·

316 3352 459 3411 lustravit,
488 3368 546 3402 esse
570 3353 681 3418 gloriam
701 3354 753 3405 Dei
772 3355 909 3423 principio
933 3362 1086 3414 carentem,
1112 3361 1141 3406 et
1160 3355 1332 3408 maiestatem
1352 3355 1409 3405 cios

318 3429 347 3474 et
364 3421 456 3470 lumen
475 3419 629 3471 divinitatis
648 3430 677 3473 et
696 3423 828 3476 deitatem
845 3433 874 3475 et
891 3424 1018 3477 naturale
1036 3425 1297 3496 astemnmqoeDei
1316 3425 1409 3476 lumen

318 3498 348 3543 ct
365 3505 552 3610 quoecumque
570 3490 635 3541 talia
653 3508 668 3540 a
687 3492 823 3562 theologis
846 3493 880 3546 de
898 3511 932 3547 eo
950 3491 1100 3546 creduntur
1116 3493 1313 3564 dicunturque.
1333 3495 1410 3549 rora-

318 3575 363 3612 mo
385 3575 430 3609 um
449 3575 482 3610 ex
508 3561 692 3628 pronuntiatis
711 3563 874 3633 theologicis
899 3573 928 3618 et
952 3567 1013 3634 ipre
1038 3561 1236 3627 concludebat,
1266 3571 1409 3616 aeternum

318 3638 348 3681 ct
365 3632 488 3681 naturale
506 3631 558 3682 Dei
576 3647 632 3684 non
651 3647 709 3685 esso
732 3633 892 3700 conditum,
911 3652 962 3689 uec
980 3637 1039 3687 eius
1055 3635 1168 3704 gloriam
1184 3642 1214 3687 ct
1231 3635 1410 3695 maiestatem,

316 3715 370 3752 uec
390 3698 562 3771 quidquido
588 3701 723 3772 theologis
746 3704 817 3756 illud
838 3705 931 3758 lumen
958 3721 1017 3758 susc
1034 3703 1207 3774 praedicatur
1224 3723 1257 3756 ac
1274 3704 1408 3756 laudatur.

317 3770 461 3824 Praeterea
482 3779 586 3824 tomum
602 3791 618 3824 a
638 3776 738 3828 sanctis
756 3777 820 3828 viris
839 3776 913 3846 apud
930 3775 1004 3828 Atho
1022 3775 1212 3829 habitantibus
1226 3777 1408 3844 compositum

338 3837 476 3902 romebat,
503 3859 637 3913 quocum
663 3861 722 3896 eum
751 3847 851 3898 sanctis
878 3849 1032 3900 consentire
1059 3845 1212 3900 docebatur
1229 3854 1258 3898 et
1276 3844 1408 3897 barlaami

315 3856 502 3979 blasphemiae
537 3929 719 3986 perversaque
752 3915 877 3969 doctrina
906 3915 1127 3986 redarguebatur.
1161 3918 1232 3970 Cum
1262 3917 1316 3968 ism
1348 3922 1409 4000 port

317 3981 427 4050 longam
453 3983 668 4051 disputationem
690 3988 805 4038 victoria
824 3986 859 4038 ad
877 3986 1039 4056 Gregorium
1066 3995 1095 4039 et
1118 3987 1267 4040 monachos
1291 3987 1409 4040 inchor-

316 4059 375 4114 rct,
401 4055 535 4124 persuasis
559 4057 710 4117 universis,
746 4065 901 4111 sauctorum
926 4065 954 4110 et
984 4055 1173 4126 theologorum
1198 4058 1319 4128 placita,
1350 4071 1406 4108 uon

317 4128 408 4178 rutro
426 4141 459 4180 cn
477 4124 588 4180 cerebro
610 4126 744 4180 Barlaami
761 4127 883 4197 proiecta
900 4135 1055 4182 commenta
1071 4126 1268 4198 amplectenda,
1284 4125 1408 4182 rideret-
