3074 4934
839 194 848 228 δ

442 272 727 344 Ηιοτοοιλιιυοτ
757 281 797 344 ιι.
819 284 849 350 a.
1101 257 1185 370 327

119 415 201 504 δρδτε
219 418 273 506 τῆν
292 421 394 510 δμῆν”
418 423 481 516 ἔφη
501 427 568 510 „oie
591 429 843 514 enormiorem
860 430 938 519 πρὸς
950 431 1070 521 μα’χην·
1095 431 1256 508 daea-sc.
1270 447 1338 508 rest

117 514 211 596 δόντες
222 521 255 586 δὲ
271 521 475 607 ἀπαγγειλατε
492 531 622 607 βασιλεῖ
634 531 677 618 τῷ
691 529 842 619 δμετέρρι,
860 530 913 613 οδς,
930 530 992 616 δγοδ
1006 536 1067 614 μὲν
1085 533 1191 601 ἀσπα-

31 703 33 712 .
117 612 230 697 ξάμενος
244 619 300 706 τῆν
319 623 444 710 εδρῆνην
460 625 612 712 πρότερον
629 631 779 705 πολλάκις
800 629 1089 718 διεπρεσβεασάμην
1111 635 1190 720 πρός

114 739 145 780 οε
162 721 229 814 ηερδ
246 714 352 804 αὐτῆς·
371 725 429 788 σοῦ
454 725 490 788 δὲ
514 724 608 790 οὐδὲν
626 727 759 804 ἐπιεικὲς
777 721 1041 814 ἀποκρινομένου,
1071 733 1109 818 τῇ
1129 737 1187 799 τοῦ

97 815 238 902 5σταυροδ
252 815 385 902 δυνάμει
407 820 542 908 maists
550 873 561 904 ,
589 819 628 888 δν
647 819 745 900 αάτδς
758 827 911 912 ἐγγυητὴν
926 830 1000 910 ἐμοὶ
1015 833 1212 914 παρέσχουο

111 916 161 978 soti
173 918 325 1001 μηδέποτε
346 922 629 1008 παρασπονδῆσαι,
656 926 832 1007 βαδιοῦμαι
853 925 909 994 ἐπὶ
928 930 995 996 od?
1036 929 1188 1013 βασιλεὺς

108 1017 159 1094 μὲν
179 1009 232 1082 οδν
247 1021 382 1084 τοιαῦτα
401 1014 497 1086 εἶπεν.
528 1018 559 1086 οἱ
577 1023 725 1108 πρέσβεις
746 1027 781 1090 δδ
802 1017 826 1114 ᾗ
846 1025 964 1110 τάχους
986 1021 1091 1112 εἶχον,
1110 1025 1188 1115 πρὸς

107 1117 226 1196 βασιλέα
248 1117 419 1205 ἀφιγμένοι
442 1117 500 1186 τδν
522 1115 665 1205 introis,
697 1121 774 1202 τοδς
798 1149 832 1190 τε
856 1125 967 1210 λόγους
995 1121 1188 1212 ἀπήγγελλον

106 1217 256 1298 βασιλέως,
276 1217 386 1294 acalcie
403 1218 422 1304 ῆ
440 1216 577 1305 ’στρατια
595 1221 734 1308 τοιαύτη
750 1214 883 1290 scodra
898 1222 954 1290 καὶ
969 1219 1071 1301 οὕτως
1088 1225 1187 1292 ciale

76 1314 193 1398 ιουμὲνη
210 1315 244 1379 δν
264 1309 328 1403 ὀδῷ
345 1318 425 1382 εἰσιν
449 1309 511 1403 ῆδη
531 1321 570 1406 τῇ
589 1317 667 1406 πρὸς
685 1316 813 1399 adroic.
854 1322 992 1409 Μιχαῆλ
1018 1326 1053 1390 δὲ
1074 1326 1186 1411 πρότε-

102 1434 152 1496 ρον
168 1415 233 1514 μὲν,
248 1412 309 1482 osia
333 1407 375 1482 ἀν
396 1414 540 1499 οἰόμενος
557 1419 603 1496 εἰς
621 1427 736 1506 χεῖρας
755 1413 865 1498 αδτοῖς
888 1424 972 1490 λδναι
999 1424 1185 1506 Ῥωμαίους

101 1508 279 1598 δπομεῖναι,
307 1512 378 1582 τότε
399 1517 436 1581 δὲ
459 1507 521 1602 ῆδη
543 1513 629 1604 δροδν
654 1514 772 1599 adrosis
794 1519 1002 1609 ὁρμημένους
1026 1520 1105 1610 πρὸς
1127 1519 1184 1607 τῆν

99 1605 196 1696 μάχην
202 1663 213 1694 ,
231 1610 279 1695 τό,
289 1637 324 1680 τε
347 1617 469 1702 πλῆθος
489 1619 545 1683 καὶ
561 1615 621 1703 τῆν
634 1617 838 1705 παρασκευῆν
853 1617 1033 1704 πυθόμενος
1057 1615 1115 1706 ὅση
1133 1615 1184 1706 η’ν,

99 1706 150 1772 eds
172 1708 251 1796 ἔγνω
273 1716 341 1780 δεῖν
369 1715 405 1780 δν
433 1717 567 1806 nolendo
593 1720 639 1793 εἰς
662 1719 824 1804 προῦπτον
852 1718 997 1786 κίνδυνον
1027 1721 1183 1809 scitatis

67 1804 213 1877 tilensis.
239 1809 298 1878 καδ
310 1813 442 1897 πέμψας
457 1813 648 1891 πάλιντοδς
670 1819 817 1901 πρέσβεις
835 1807 855 1904 ᾗ
873 1816 1024 1884 ἐδύναντο
1047 1815 1217 1902 τδχισταυ
1297 1825 1305 1844 ’

95 1905 165 1992 πρὸς
177 1913 331 1994 βασιλέα,
350 1909 399 1995 τό,
409 1936 443 1976 τε
459 1913 601 1995 πόλισμα
616 1916 777 1980 Βουκδλου
798 1915 1001 1999 ἐπηγγέλλετο
1027 1914 1179 2002 παραδιδ-

94 2029 156 2072 οειν
176 2007 232 2074 καὶ
247 2007 375 2098 εἰρήνην
393 2003 478 2088 ἀξειν
501 2015 562 2078 soti
580 2013 703 2096 λοιποῦ,
722 2015 778 2078 καί
792 2013 891 2078 ἐδεῖτο
904 2015 1059 2095 βασιλέως
1082 2015 1128 2088 εἷς
1148 2011 1186 2078 τὸ

92 2105 197 2174 οἰκεῖον
222 2107 437 2196 στρατόπεδον
466 2111 640 2196 ἀπαγαγεῖν
671 2108 735 2198 τῆν’
759 2107 922 2196 στρατιάν.
969 2110 1121 2195 βασιλευς
1146 2114 1183 2178 di

93 2202 170 2292 δράν
188 2203 298 2286 αδτοϊς
320 2211 354 2275 ἐν
375 2211 462 2299 seligi
483 2211 530 2300 τῷ
550 2206 691 2295 σχῆματι
710 2207 768 2296 τῆν
794 2209 997 2298 ἀναχώρησιν
1017 2213 1182 2296 γινομένην

58 2307 142 2372 noent*
156 2304 214 2393 τῆν
241 2305 331 2393 νίκην
357 2308 518 2393 ἀναιμωτὶ
536 2313 802 2394 προσγινομένην,
834 2301 969 2392 ἅσμενος
999 2305 1182 2395 ἀνεχώρησε

90 2403 165 2488 πρδς
189 2405 226 2472 so*
244 2405 469 2494 στρατόπεδον.
499 2407 546 2490 τό,
559 2431 594 2474 τε
609 2405 670 2496 γὰρ
697 2409 850 2495 πρότερον
871 2405 917 2494 μῆ
939 2403 1042 2491 λόγοις
1063 2405 1119 2472 κατ’
1143 2409 1183 2496 τῆ

88 2507 143 2569 τοῦ
156 2508 256 2572 καλοῦ
272 2504 329 2572 κατ’
345 2508 469 2572 δικαίου
493 2506 595 2594 κρίσει
609 2503 664 2574 τὸν
683 2505 824 2592 Μιχαὴλ
846 2508 1020 2590 πεισθῆναι
1035 2503 1071 2572 τό
1094 2511 1182 2572 Βου-

87 2604 175 2670 εάλου
197 2605 395 2689 ἀποδοῦναι,
415 2605 496 2672 ἀλλά
513 2608 569 2674 νῦν
590 2606 646 2673 κατ’
667 2601 712 2688 τὸ,
742 2599 806 2693 ῆδη
825 2605 905 2690 πρὸς
921 2605 1028 2690 μάχην
1044 2629 1184 2691 παρατε-

86 2707 239 2790 ταγμένης
266 2705 322 2791 τῆς
344 2700 519 2788 Ῥωμαίων
549 2708 718 2792 στρατιᾶς,
752 2702 810 2792 τῆν
838 2701 953 2791 ἔφοδον
984 2704 1092 2768 adroic
1120 2697 1181 2785 οὐχ

53 2795 253 2886 αὸὗπομεῖναι
264 2855 277 2888 ,
302 2802 384 2872 ἀλλά
404 2801 461 2872 κατ’
483 2804 544 2894 πρὸ
561 2807 618 2893 τῆς
635 2807 797 2892 συμβολῆς
819 2804 979 2890 ἡττῆσθαι
1002 2811 1075 2879 ταῖς
1098 2799 1181 2886 yaci-

84 2984 177 3058 tegrin
196 2990 365 3060 imperator,
389 2989 544 3044 Exercitum
567 3007 658 3042 meum
677 2997 709 3041 ut
727 2989 764 3042 slt
789 2986 824 3040 ad
843 2986 1046 3040 dimicationem
1071 2994 1180 3056 paratus

84 3059 199 3124 ridetis,
231 3061 332 3132 inquit
370 3063 441 3115 ltote
464 3077 526 3132 ergo
551 3063 663 3132 regique
681 3067 771 3112 vestro
788 3059 929 3122 nuntiate,
954 3075 998 3110 me
1018 3059 1074 3110 iam
1098 3066 1180 3110 antea

82 3131 157 3198 pacis
178 3131 407 3200 cupidissimum,
431 3149 489 3186 non
512 3135 597 3186 semel
618 3131 652 3184 ad
671 3131 752 3184 illum
776 3145 859 3198 super
878 3145 909 3181 ca
927 3129 1031 3198 legatos
1054 3129 1179 3193 πλείονος

83 3215 143 3252 eum
170 3201 245 3256 nihil
270 3219 388 3274 aequum
412 3219 444 3258 ec
466 3203 612 3256 tolerabile
638 3199 822 3270 respondisse.
858 3201 954 3270 Itaque
972 3199 1058 3251 erucis
1076 3201 1179 3252 virtute

81 3269 183 3326 lectum
205 3290 290 3344 quom
308 3275 362 3328 sibi
379 3275 457 3326 velut
476 3275 576 3344 pignus
593 3273 763 3326 constantiae
782 3289 847 3324 suae
864 3271 893 3322 in
914 3268 1026 3322 foedere
1045 3267 1178 3322 servando

83 3341 207 3406 dederit,
234 3343 364 3398 adversus
389 3345 468 3398 illum
496 3361 693 3416 processurum.
732 3343 804 3394 llaec
826 3343 984 3411 imperator.
1021 3341 1116 3411 Legati
1143 3339 1180 3392 ed

82 3429 172 3484 regem
189 3414 333 3468 celerrime
354 3417 468 3478 reversi,
498 3415 566 3487 quid
584 3411 733 3484 imperator
752 3412 870 3476 dixerit,
896 3410 1034 3484 quomodo
1053 3412 1179 3480 ingentes

81 3487 180 3554 copiae
196 3487 282 3538 etsie
302 3493 419 3539 armatae
435 3494 530 3538 contra
548 3487 637 3555 ipsum
657 3487 687 3538 in
706 3483 750 3536 ria
769 3486 834 3548 sint,
853 3486 1013 3536 retulerunt
1050 3481 1180 3543 Michael,

82 3557 130 3625 qui
146 3564 232 3608 antea
250 3555 362 3610 rebatur
379 3558 513 3610 Romanos
529 3575 619 3610 secum
636 3550 775 3608 decertdre
790 3555 863 3608 haud
879 3571 1001 3614 erasures,
1022 3553 1178 3622 intelligens

82 3642 129 3678 eos
145 3627 203 3680 iam
222 3644 278 3680 non
299 3643 381 3696 parvo
398 3630 520 3682 exercitu
547 3636 576 3680 et
596 3644 695 3696 magno
718 3635 848 3696 apparatu
872 3625 906 3680 ad
926 3625 1062 3693 proelium
1082 3636 1179 3692 proce-

79 3695 162 3760 dere,
188 3697 306 3762 statuit,
331 3715 388 3752 non
407 3698 508 3752 debere
525 3698 557 3750 in
575 3699 666 3750 aliena
685 3697 796 3768 regione
816 3697 941 3766 praeviso
960 3693 1113 3748 discrimini
1134 3707 1180 3744 se·

78 3776 136 3820 met
160 3767 309 3822 oblectere.
346 3769 521 3838 Quapropter
539 3769 631 3822 denuo
648 3769 738 3822 missis
756 3767 866 3836 legatis,
894 3765 980 3836 idque
999 3779 1060 3815 eum
1078 3762 1179 3814 eeleri-

79 3845 137 3892 tate
155 3840 293 3902 maxime,
325 3841 455 3892 Bueelum
476 3839 648 3896 redditurum
669 3847 698 3893 et
719 3838 754 3890 de
778 3845 869 3890 cetero
893 3851 989 3906 pacem
1009 3839 1179 3886 servaturum

77 3909 217 3980 spondet:
236 3919 376 3982 rogatque,
395 3911 437 3966 uti
449 3911 565 3962 militem
584 3911 615 3964 in
629 3917 715 3962 castra
731 3906 849 3961 reducet
886 3907 1037 3974 Imperator
1053 3901 1179 3956 animad-

76 3990 191 4034 vertens
212 3979 286 4034 hunc
312 3990 451 4051 receptum
472 3979 526 4034 sibi
545 3981 604 4032 iore
620 3979 819 4041 honorificum,
851 3994 912 4029 cum
931 3976 1074 4028 incruenta
1091 3973 1179 4056 riete-
1273 3973 1279 3986 ⁸

76 4051 119 4106 ria
146 4051 244 4106 libens
269 4061 355 4106 castra
380 4053 490 4122 repetit.
532 4049 600 4102 Nam
623 4067 712 4120 nuper
733 4065 784 4102 nec
804 4047 903 4112 verba,
926 4061 978 4098 nec
996 4045 1076 4114 nequi
1096 4041 1180 4094 bons·

77 4140 134 4194 quo
156 4139 256 4176 sensus
278 4131 311 4176 ut
328 4123 458 4178 carectum
477 4123 651 4185 restitueret,
676 4121 704 4172 ei
722 4119 886 4189 persuadere
907 4116 1077 4187 potuissent,
1103 4109 1178 4182 quod

77 4209 153 4248 nunc
179 4193 354 4264 restitueret,
385 4191 517 4266 quodque
539 4193 654 4248 Romani
681 4190 816 4246 exereitus
841 4205 893 4262 per
921 4185 1031 4241 ordines
1060 4181 1095 4238 ad
1118 4199 1178 4266 ρο-
