3114 4930
335 237 410 295 ιιι
668 255 672 264 ·
723 233 1002 302 GAMACUzENl

180 397 210 448 Δ.
219 397 318 452 essm
329 389 430 473 ἡδέως
442 377 657 472 περιπεσόντα,
668 377 924 470 ὥστ’όλόοτορος
939 381 997 449 καί
1009 383 1208 471 πατροφόνου
1226 381 1316 462 δάιος
1325 385 1405 450 πόσι

323 497 389 562 ταῖς
406 485 465 573 ὕφ’
478 479 567 572 ἥλιον
583 482 727 568 όφειλειν.
748 477 802 546 ότι
818 483 924 549 τοίνυν
939 485 1003 548 τών
1019 481 1236 548 καταλυόντων
1251 481 1329 558 τούς
1347 508 1405 548 πο-

323 585 438 667 λέμους
454 581 496 648 τό
509 584 568 665 μέν
584 581 659 667 ἡμῖν
681 579 832 667 περίεστι,
852 580 889 648 τό
904 582 935 644 δ’
950 581 985 646 έν
999 573 1072 644 εότυ
1073 581 1148 663 χίας
1162 585 1296 670 μεγίστῳ
1312 585 1405 668 μέρει

322 683 368 770 μη
390 690 537 768 παρεῖναι
557 682 611 744 καί
627 681 753 765 προσέτι
772 677 936 764 πρόσεστιν
952 670 1076 744 εύκλεια
1092 683 1403 764 τοῖςπραττομένοις,

321 785 520 847 καταθέσθαι
539 776 595 845 τόν
612 777 747 859 πόλεμον
763 777 918 862 προσήκει.
952 775 1052 843 ἔτιδὲ
1070 779 1138 842 οὐδ’
1154 771 1193 842 άν
1209 773 1427 864 εύφρονούν-5

244 907 248 922 ·
321 904 386 944 των
405 880 581 966 ἀνθρώπων
596 875 685 963 ἔργον
700 873 857 962 πράξομεν
870 875 916 960 μη
933 873 1119 959 βουλόμενοι
1134 874 1185 941 τόν
1198 875 1331 957 πόλεμον
1347 901 1405 938 κα.

323 976 468 1043 ταλύειν.
498 977 527 1042 st'
547 977 607 1058 μὲν
630 973 687 1060 γὰρ
712 976 768 1042 νόν
787 972 970 1052 ἐπελθόντες
989 974 1246 1061 παραληφόμεθα
1267 973 1325 1059 την
1347 973 1405 1038 πό-

323 1081 383 1158 λιν,
404 1077 497 1141 πλέον
515 1078 575 1157 μέν
593 1073 685 1140 ου’δὲν
701 1064 745 1139 ὧν
766 1078 822 1140 νῦν
845 1071 959 1157 ἔχομεν
984 1073 1068 1158 ἔχειν
1088 1076 1225 1154 ἔξέσται·
1247 1069 1269 1138 ό
1286 1075 1317 1138 δ’
1331 1071 1406 1156 ἔχα-

296 1189 388 1256 εμεν
408 1179 477 1256 μετ’
501 1172 643 1248 εὐκλείας
666 1169 733 1254 άμα
759 1175 814 1238 καί
830 1171 1031 1259 δικαιοσύνης
1053 1173 1108 1238 καί
1126 1175 1280 1257 πατρικῆς
1299 1167 1406 1256 εόχῆς,

326 1270 480 1358 ἁρπάζειν
496 1270 551 1335 καί
566 1271 687 1337 ἀδικεῖν
707 1271 763 1336 καί
784 1270 956 1354 μονονουχὶ
968 1281 1190 1356 πατροκτονεΐν
1209 1268 1338 1353 ἔχοντας
1350 1273 1453 1334 clo-10

319 1381 394 1450 κεῖν,
413 1367 430 1434 ό
449 1370 738 1456 παραφρονούντων
750 1363 772 1455 ἢ
784 1372 983 1456 φρονούντων
1002 1363 1042 1436 iv
1057 1368 1117 1454 εἴη.
1139 1371 1224 1455 εἴπερ
1244 1372 1278 1434 δὲ
1296 1363 1331 1432 οό
1348 1372 1409 1432 δυ-

318 1468 482 1554 νησόμεθα
503 1471 707 1553 παραλαβεῖν,
728 1466 809 1554 πρός
826 1470 870 1556 τῷ
881 1472 977 1534 πᾶσιν
993 1466 1173 1553 ἀνθρώποις
1187 1466 1360 1550 μισεῖσθαί
1372 1489 1408 1531 τε

318 1568 374 1631 καί
398 1566 631 1649 διαβάλλεσθαι
656 1567 801 1648 δικαίοις,
834 1562 881 1630 ότι
904 1565 984 1652 πρός
1001 1564 1129 1651 εἰρήνην
1148 1562 1410 1652 προκαλούμενοι,

318 1665 425 1754 άδικίρ
440 1663 495 1730 καί
508 1664 666 1752 πλεονεξίᾳ
676 1661 800 1750 γνώμης
816 1663 879 1749 ούχ
892 1663 1123 1750 ὑπηκούσαμεν·
1141 1665 1197 1728 καί
1210 1661 1286 1749 πρός
1300 1661 1411 1728 κινδύ-

317 1787 391 1839 νους
406 1761 578 1847 α’νονήτους
593 1757 725 1838 ἑαυτούς
740 1763 971 1845 ύπαβαλοόμεν,
992 1765 1049 1827 καί
1063 1768 1194 1838 πολλαῖς
1215 1759 1326 1826 πόλεσι
1352 1758 1411 1824 καί
1413 1763 1454 1826 ι5

316 1861 440 1947 χώραις
457 1859 553 1926 αἴτιοι
571 1859 835 1946 καταστησόμεθα
853 1865 957 1926 κακών
975 1861 1160 1946 ἀνηκέστων.
1181 1861 1300 1926 τούτων
1318 1861 1410 1924 ἓνεκα

316 1955 412 2037 αότός
430 1984 463 2025 τε
478 1955 661 2042 ἀπάξομαι
673 1958 731 2044 την
745 1956 823 2046 πρός
838 1961 971 2043 βασιλέα
990 1956 1124 2046 εἰρήνην,
1142 1962 1198 2024 κατ’
1221 1959 1298 2042 ύμῖν
1315 1964 1411 2022 λυσι-

214 2123 219 2133 ,
315 2065 415 2124 τελεῖν
428 2061 565 2139 νομίζων
577 2053 846 2140 συμβεβούλευκα.
883 2055 995 2122 ἔσεσθε
1008 2055 1068 2143 γάρ
1094 2055 1297 2145 ἀπειληφότες
1314 2058 1410 2135 δόξαν

281 2159 450 2243 υόνδρίας
466 2153 535 2238 όμοι
553 2155 609 2220 κοτέ
623 2155 825 2241 δικαιοσύνης
840 2158 895 2221 καί
911 2157 1127 2242 σωφροσύνης,
1141 2153 1316 2240 όπλοιςμέν
1328 2179 1411 2239 κρα-

316 2257 467 2339 τήσαντες
480 2258 542 2320 τών
558 2254 826 2337 ἀντιτεταγμένων
840 2253 896 2318 καί
909 2252 966 2330 τάς
977 2251 1103 2338 γνώμας
1116 2255 1456 2342 παραστησάμενοι,αο

316 2351 513 2433 άμυνόμενοί
524 2375 558 2415 τε
577 2349 655 2436 όπέρ
672 2356 728 2416 τοῦ
747 2351 870 2418 δικαίου
888 2351 944 2416 καί
959 2353 1017 2417 ούκ
1033 2351 1127 2418 αύτοί
1140 2349 1329 2434 άδικούντες,
1351 2355 1412 2416 καί

314 2453 358 2537 τῷ
374 2447 418 2534 μη“
436 2449 515 2534 ὑπὲρ
537 2445 577 2512 τά
599 2450 716 2532 μέτρια
730 2460 859 2537 φρονεῖν
878 2453 960 2538 μηδὲ
976 2459 1048 2526 ταῖς
1060 2450 1223 2534 εότυχίαις
1238 2451 1411 2537 φυσάσθαι

313 2546 373 2632 την
388 2545 596 2635 σωφροσύνην
609 2549 888 2634 έπιδεικνόμενοι.”
934 2553 1071 2616 Τοιαῦτα
1088 2550 1146 2614 τού
1161 2552 1232 2616 νέου
1248 2549 1410 2632 βασιλέως

386 2717 425 2754 ιι.
445 2701 525 2756 ἴσως·
544 2697 614 2758 liius
630 2699 858 2770 δηρονοόντων,
882 2700 927 2753 vel
941 2705 1034 2772 potius
1054 2708 1118 2756 ante
1133 2697 1152 2768 ἢ
1169 2703 1263 2772 potuit
1279 2715 1338 2754 essc
1355 2713 1410 2752 τα-

384 2771 445 2823 cnls
463 2771 581 2842 μᾶλλον.
617 2771 678 2824 ED.
694 2772 724 2824 P.

312 2889 374 2954 bus,
390 2907 440 2960 pro
462 2891 645 2943 conscelerate
660 2897 689 2942 et
703 2891 836 2958 parricide
855 2890 1031 2950 condemner.
1067 2889 1187 2961 Quondo
1202 2891 1286 2962 igitur
1301 2905 1408 2954 eorum,

313 2977 384 3032 quae
399 2961 473 3013 bello
494 2961 628 3030 sopiendo
647 2959 763 3022 lscinnt,
782 2963 881 3030 purtim
899 2961 1011 3033 quidem
1024 2979 1109 3030 penes
1124 2979 1174 3014 nos
1190 2971 1268 3024 suut,
1286 2959 1409 3012 adsum-

313 3047 387 3082 mum
409 3039 501 3082 sutem
523 3031 663 3083 felicitatis
687 3029 796 3099 gradum
812 3049 868 3084 non
888 3031 1044 3101 pervenisse
1062 3034 1146 3084 etism
1165 3035 1277 3100 insuper
1294 3029 1408 3082 laudern

312 3101 391 3152 inetis
410 3103 505 3163 affert,
530 3100 564 3151 eb
586 3101 666 3153 ermis
686 3100 813 3154 recedere
836 3119 885 3154 ιοι
908 3103 1045 3155 convenit.
1081 3101 1164 3172 Quod
1182 3103 1206 3152 si
1227 3101 1410 3162 noluerimus,

313 3169 501 3238 imprudenter
522 3187 553 3222 sc
570 3171 654 3222 stulte
678 3170 799 3228 fecimus.
835 3173 864 3224 Si
884 3173 958 3224 enim
982 3189 1057 3227 nnnc
1079 3171 1176 3224 orbem
1202 3170 1357 3222 adoriamur
1375 3179 1409 3222 et

314 3255 491 3306 occupemus,
523 3238 614 3292 nihilo
641 3238 702 3307 plus
729 3239 910 3306 babebimus,
941 3259 1021 3312 quam
1049 3259 1121 3292 nunc
1147 3238 1279 3292 babemus
1324 3240 1409 3308 Quae

314 3315 406 3359 sutem
426 3307 561 3376 gloriose,
580 3311 668 3369 iuste,
685 3325 746 3360 cum
766 3314 887 3377 paternis
905 3313 976 3364 votis
994 3311 1141 3372 habemns,
1171 3327 1202 3362 ee
1220 3325 1269 3378 per
1286 3311 1410 3378 sepinas,

316 3379 432 3428 iniurias
449 3385 478 3428 ct
495 3384 601 3428 tentum
619 3396 674 3430 noo
688 3395 737 3447 per
754 3379 931 3446 parricidium
950 3379 1221 3434 bebere‘existimnri
1239 3379 1325 3442 velle,
1352 3378 1410 3432 boe

316 3463 379 3500 vero
398 3446 523 3516 desipere
545 3463 580 3498 sc
595 3447 712 3500 delirare
731 3457 780 3502 est.
818 3451 846 3502 Si
865 3467 998 3519 occupare
1017 3468 1073 3504 non
1090 3451 1255 3520 poterimus,
1281 3457 1410 3521 prseter-

317 3533 399 3586 ηαυπτ
419 3515 494 3586 φοοδ
512 3517 541 3570 ln
560 3522 682 3570 omnium
700 3518 764 3572 oslin
781 3521 984 3590 calumniasque
1005 3523 1189 3582 incurremus,
1216 3521 1281 3588 quia
1300 3521 1334 3573 ιιΙ
1352 3537 1409 3588 ρι-

316 3603 374 3637 cem
399 3587 526 3652 invitati,
555 3589 731 3657 improbitate
749 3596 778 3641 et
794 3589 925 3660 cupitline
943 3591 1045 3643 irretiti
1065 3590 1292 3650 recusaverimus,
1321 3590 1409 3642 etiem

316 3657 346 3708 in
365 3655 524 3709 discrimino
542 3658 602 3710 sine
627 3659 683 3712 ullo
703 3659 791 3712 fructu
810 3677 859 3712 nos
879 3661 1072 3723 coniiciemus,
1114 3660 1263 3728 multisque
1289 3659 1410 3711 urbibus

316 3735 344 3777 et
361 3726 520 3796 regionibus
542 3729 646 3781 clndcm
670 3737 829 3799 pestemque
848 3731 1007 3782 creabimus.
1044 3730 1093 3784 His
1112 3729 1266 3782 rationibus
1287 3746 1335 3800 ego
1352 3731 1410 3780 isn-

314 3797 425 3864 pulsus,
443 3813 537 3866 paoem
553 3815 614 3850 cum
639 3816 688 3851 svo
710 3801 890 3869 complector,
915 3817 973 3852 essm
995 3816 1029 3852 uc
1052 3799 1129 3852 vobis
1150 3807 1286 3868 tamquam
1307 3800 1409 3851 utilem

315 3865 433 3918 suadeo:
454 3885 516 3920 nam
533 3886 548 3920 α
566 3868 748 3932 fortitudine,
769 3871 874 3922 iustitia
889 3879 917 3924 ct
933 3819 1120 3924 τοοδτεαῑίοοο
1135 3867 1410 3932 commendabisuini,

314 3936 353 3998 si,
369 3953 430 3989 eum
448 3937 616 3991 adversarios
633 3941 713 3991 orrnis
724 3941 901 4008 subegeritis,
919 3959 993 3992 nunc
1009 3941 1064 4009 ipsi
1080 3937 1184 3990 animos
1201 3947 1305 3989 vestros
1322 3939 1409 3990 subi-

313 4007 398 4073 gntis,
423 4015 451 4058 et
474 4026 523 4076 pro
543 4011 602 4060 iure
620 4012 813 4078 propugnetis,
836 4027 892 4062 non
910 4012 964 4078 ipsi
981 4011 1112 4063 iniuriam
1133 4009 1272 4061 inieratis:
1296 4017 1408 4062 restro-

313 4092 367 4146 qne
385 4091 432 4128 vos
450 4077 520 4145 pede
537 4080 698 4142 metientes,
715 4097 765 4132 uec
783 4079 950 4132 successibus
971 4081 1199 4140 intumescentes,
1225 4077 1351 4131 modeste
1374 4099 1410 4132 se

314 4145 457 4200 summisse
473 4163 519 4202 τοι
538 4149 644 4220 geratis.
681 4149 734 4204 Ubi
751 4147 821 4204 beec
838 4167 888 4222 pro
908 4166 975 4221 pace
997 4149 1330 4222 disputaritimperstor,
1355 4167 1410 4204 ex-
