3082 4940
425 301 732 428 ⁸rrrsrorummrr
761 365 802 427 ιι.
825 370 877 436 ιι.
1117 337 1199 451 491

120 515 243 595 ούμεθα
272 505 447 579 ἀντειπεῖν.
489 514 570 602 πλην
596 518 701 584 έλιιίδι
729 519 920 606 ἐπαρθέντες
945 519 1007 584 ‘rosi
1040 541 1076 583 τε
1095 519 1355 606 lyme-mulli

96 611 389 712 ¹cett-yseriuaoias
408 616 465 698 τῆς
488 619 620 699 Λέσβου
639 619 697 682 τού
715 641 751 682 τε
782 611 978 699 ἀμυνεῖσθαι
1005 623 1139 702 βασιλέα
1168 613 1298 692 ἀνΜβθ

119 715 207 800 έπίη,
230 714 284 801 (usi
304 711 365 800 γάρ
386 713 542 800 τοσαύτην
556 707 595 800 Ιγε
611 712 741 805 ρἰύμεθα
760 718 898 799 δύναμιν
918 719 1084 804 ἀθροίσειν
1098 743 1210 784 ναυτι-

95 811 198 910 Ικι“ην,)
222 799 391 898 ἦράμεθυ·
431 813 507 880 νυνί
526 817 561 882 δέ
581 810 644 902 ἤδη
664 816 704 882 τύ
723 839 759 882 τε
776 813 929 904 χρήματα
951 817 1109 884 ἀνάλωται
1131 817 1210 904 ἡμῖν

99 907 174 988 ὄκαέ
192 906 285 977 αύτοέ
303 912 573 1001 πολιορκούμεθα,
609 916 668 980 ούκ
689 911 813 1000 ἀγαθὰς
832 915 957 1001 ἔχοντες
985 919 1117 993 ἐλπίδας
1136 922 1212 1004 περὶ

119 1011 182 1078 uois
201 1011 393 1092 μελλόντων.
434 1013 506 1079 inst
523 1017 559 1080 δὲ
580 1013 625 1092 ἀς
645 1014 722 1102 δρῶ,
756 1017 813 1082 τού
832 1019 911 1082 θεοῦ
931 1015 1143 1102 κεκινηκύτος,
1164 1019 1212 1094 εἰς

119 1109 194 1188 τούς
213 1111 429 1199 περὶτούτων
448 1114 614 1200 προήχθης
632 1117 762 1200 λύγους,
783 1119 896 1200 δέομαι
916 1114 940 1182 ἃ
959 1120 1105 1203 λυσιτελῆ
1126 1118 1216 1186 δοκεῖ

121 1211 175 1277 καί
193 1215 303 1280 δέοντα
323 1213 563 1296 βουλεύσασθαι
582 1214 659 1302 περί
676 1217 734 1281 τού
761 1219 951 1298 μέλλοντος.
990 1214 1031 1282 ui
1050 1215 1117 1303 -γάρ
1147 1241 1211 1282 πα-

122 1311 273 1396 ρελθόντα
289 1312 348 1376 asise
360 1307 446 1378 ἔστιν
467 1306 571 1394 ἀλλους
591 1311 801 1403 διαθέσθαιῆ
821 1315 866 1394 ὥς
881 1315 973 1400 ἔτυχε
992 1321 1212 1403 γεγενημένσ.”
1230 1402 1234 1411 ι

78 1409 137 1485 rosi
155 1413 251 1496 μέγας
271 1413 307 1476 δέ
327 1413 506 1495 δομέστικος
533 1417 586 1497 „el
611 1417 671 1497 μέν
690 1421 765 1482 καθ’
791 1413 927 1494 ἑαυτούς
947 1411 1040 1482 uisui
1056 1415 1133 1503 περὶ
1149 1417 1212 1483 τῶν

118 1511 298 1597 terrerem
317 1509 381 1599 ἔφη
408 1512 639 1596 ,ἐβουλεύεσθε
659 1515 874 1603 πραγμύτων,
903 1517 998 1583 osilia
1019 1511 1236 1585 inlusisset

118 1609 244 1698 εέρήνην
262 1604 283 1696 ἢ
302 1609 356 1678 τὸν
376 1611 512 1693 πόλεμον
532 1609 680 1680 ἑλέσθαι.
721 1611 797 1680 ἐπεί
811 1617 848 1682 δέ
868 1615 942 1698 ipos*
956 1619 1032 1702 περί
1051 1617 1115 1681 τῶν
1134 1617 1215 1699 δμε-

117 1711 216 1797 τέραν
235 1713 418 1796 ἐπιτρέπετε
438 1709 650 1796 βουλεύεσθαι
669 1715 882 1798 πραγμάτων,
916 1709 938 1779 δι’
957 1737 1014 1796 μοι
1033 1717 1116 1780 δοκαῖ
1135 1717 1215 1797 ύμδν

118 1811 322 1896 συμφέροντα
343 1812 417 1897 έροῖ.
459 1811 536 1894 ύμῖν
558 1813 593 1880 δέ
614 1814 737 1890 ἐξέσται
757 1807 779 1897 ἢ
800 1813 1023 1900 mperatres&
1044 1819 1215 1898 βεβουλευ-

81 1911 200 1992 ,spira
221 1905 243 1995 ἢ
265 1912 476 1978 διωθεῖσθαι.
508 1906 600 1994 οἶμαι
620 1914 657 1976 δέ
678 1905 755 1978 ούδδ
775 1913 900 1978 πολλαῖν
920 1910 1093 1998 δεήσεσθαι
1112 1913 1215 1997 λύγων

117 2009 194 2094 περί
212 2011 277 2076 τάν
296 2010 374 2093 ύμῖν
393 2015 545 2078 πειθοντα
567 2009 748 2078 δοκούντων
767 2017 960 2078 λυσιτελεῖν.
1002 2009 1026 2077 ἀ
1051 2010 1113 2098 γάρ
1136 2015 1215 2077 διει.
1316 2091 1319 2098 ,

116 2111 237 2192 λέγθην
256 2107 427 2196 πρύτερον,
452 2114 578 2178 πολλῶν
599 2113 704 2186 κακοῖν
732 2111 812 2195 ύμῖν
832 2109 888 2178 τδν
908 2109 1043 2194 πόλεμον
1064 2108 1215 2178 αἰτιώτα-

115 2231 172 2274 τον
189 2212 393 2294 γεγενημένον
414 2205 602 2298 ἀποφαίνων
621 2209 679 2276 καέ
697 2208 745 2278 ἔτι
769 2211 938 2295 μέλλοντα,
959 2210 1085 2288 τούτοις
1114 2209 1216 2289 ἔξεστι

118 2309 363 2387 κατασκευάζειν
392 2309 437 2385 sie
466 2308 593 2397 αἱρετέα
618 2310 639 2396 ἢ
669 2310 799 2396 εἰρήνη.
839 2307 896 2376 τὸν
915 2309 1034 2398 τρόπον
1061 2312 1098 2377 δέ
1119 2307 1158 2376 δν
1176 2306 1216 2378 lis

74 2402 196 2490 οούμῖν
226 2403 368 2490 μάλιστα
402 2409 630 2497 λυσιτελήσειεν
649 2409 857 2498 ἀφηγήσομαι
875 2411 957 2494 irai.
998 2409 1074 2500 πρέν
1095 2412 1142 2489 εἷς
1160 2433 1216 2478 το·

105 2509 229 2574 ’σούτον
257 2508 401 2574 κινδύνου
429 2506 518 2594 ἥκειν
545 2507 628 2576 ὥστε
654 2513 759 2578 δοκεῖν
789 2509 845 2577 καί
881 2504 1014 2589 ἄκοντας
1029 2515 1033 2522 ’
1050 2511 1217 2596 προσιέναι
1297 2525 1302 2540 “

115 2607 453 2694 βασιλεῖ,“ἐ’νδείξασθε
474 2606 602 2678 εύνοιύιν
621 2635 695 2678 τινα
716 2605 911 2698 ἀντίρροπον
929 2609 1011 2696 πρὸς
1029 2609 1087 2696 τὴν
1101 2613 1215 2696 προτέ-

114 2731 176 2794 ραν
196 2707 332 2793 ἀδικίαν,
354 2707 409 2774 καί
427 2711 600 2794 πρεσβείαν
613 2712 797 2794 πέμψαντες
813 2707 894 2795 πρὸς
908 2711 1052 2792 βασιλέα,
1074 2707 1241 2794 narraui—0

114 2831 180 2891 μην
200 2805 349 2894 αι’τὴσατε
369 2809 423 2896 ἀφ’
445 2803 492 2885 οἷς
511 2809 782 2897 προσκεκρούκατε
803 2807 884 2874 κατὰ
905 2806 962 2874 τὸν
981 2808 1130 2891 πόλεμον.
1150 2803 1215 2895 psi·

118 3011 185 3066 ‹lum
203 3011 239 3065 ad
256 3029 330 3066 arma
345 3015 449 3084 priores
467 3014 647 3082 prosilimus,
668 3029 750 3066 nemo
769 3011 814 3066 vel
829 3017 953 3066 nostrum
978 3009 1084 3064 inficias
1105 3009 1147 3062 lre
1165 3023 1216 3078 po·

114 3091 179 3142 test.
215 3084 342 3137 Ceterum
360 3084 443 3137 Lesbi
458 3086 566 3138 insulae
585 3082 792 3154 adipiscendae,
811 3091 839 3134 et
861 3085 1063 3152 imperatorem,
1080 3081 1104 3133 ri
1123 3081 1214 3148 impe-

116 3151 178 3206 dire
204 3165 367 3218 conaretur,
397 3155 559 3226 depellendi
577 3155 678 3208 fiducia
696 3155 762 3207 elati
783 3152 875 3222 (baud
890 3153 965 3205 enim
983 3159 1087 3205 tantam
1101 3151 1216 3204 classem

114 3235 335 3294 comparaturum
353 3225 547 3292 credebamur)
560 3227 666 3279 bellum
685 3224 739 3277 hoc
757 3225 817 3277 ausi
829 3241 930 3277 sumus.
949 3222 1029 3275 Nunc
1044 3231 1073 3274 et
1088 3221 1215 3290 pecuniis

113 3294 242 3348 exhausti
266 3304 295 3348 et
317 3298 431 3366 insuper
444 3300 499 3366 ipsi
510 3297 626 3361 obsessi,
646 3297 732 3350 bonas
749 3313 810 3365 spes
828 3311 922 3348 omues
942 3291 1121 3364 perdidimus.
1140 3290 1215 3361 Quia

112 3381 181 3418 vero
196 3365 290 3418 alirino
317 3375 349 3420 ut
371 3369 490 3421 arbitror
509 3369 603 3420 afflatu
624 3368 659 3421 de
679 3367 725 3420 his
742 3367 824 3420 rebus
843 3365 1015 3428 disseruisti,
1045 3373 1072 3416 te
1097 3380 1165 3424 oro,
1183 3370 1215 3416 ut

113 3452 189 3508 quae
213 3439 294 3490 utilia
313 3437 396 3490 nobis
413 3441 443 3490 in
466 3447 607 3508 porterum
625 3447 655 3492 et
679 3439 831 3491 necessaria
852 3435 980 3500 duxeris,
1007 3451 1038 3488 ea
1065 3434 1213 3488 consulas:

137 3505 229 3558 srauslo
247 3510 395 3592 praeterita
411 3513 546 3580 corrigere
563 3527 619 3564 uun
636 3510 710 3562 licet.
755 3507 798 3560 Ad
817 3506 886 3560 haec
902 3523 1015 3578 magnus
1032 3505 1213 3558 domesticus:

110 3579 144 3629 bi
154 3615 162 3640 ,
179 3579 281 3648 inquit,
298 3580 437 3634 vobiscum
454 3581 506 3650 ipsi
521 3579 555 3633 sle
576 3595 603 3632 re
622 3589 710 3632 vestra
725 3578 957 3642 consuluissetls,
978 3575 1051 3630 nihil
1065 3577 1101 3630 ad
1119 3589 1216 3643 pacem

109 3649 192 3701 bello
208 3650 413 3716 praeferendam
427 3651 590 3707 obstitisset.
630 3651 686 3703 Sed
699 3653 765 3721 quia
779 3649 849 3702 nrihi
865 3651 894 3701 in
910 3663 992 3700 eausa
1008 3655 1097 3700 vestra
1110 3645 1216 3700 iudici·
1300 3650 1302 3656 ’

110 3735 163 3771 um
189 3735 269 3772 omne
290 3722 470 3788 permittitis,
489 3738 559 3791 quae
576 3721 720 3791 prolatura
736 3722 850 3790 opinor,
870 3737 927 3771 nou
943 3717 1055 3770 tacebo:
1074 3717 1152 3770 vobis
1167 3724 1217 3769 aut

107 3806 212 3862 parere
227 3793 343 3844 consilio
361 3809 431 3854 meo,
449 3793 540 3846 antid
558 3791 705 3862 repudiare
723 3792 782 3842 inte
802 3807 859 3842 rum
877 3791 938 3845 erit.
973 3788 1107 3840 Existimo
1123 3794 1216 3839 autem

108 3861 327 3927 explicationem
342 3864 452 3916 consilii
472 3866 527 3916 mei
545 3863 627 3932 longa
644 3864 770 3916 oratioue
783 3807 863 3914 lraud
883 3875 970 3928 egere.
1006 3857 1075 3910 Num
1087 3872 1215 3928 quaeque
1234 3897 1237 3909 .

108 3933 194 4002 prius
214 3949 229 3983 a
251 3951 302 3984 me·
315 3932 389 3985 dicta
412 3928 492 3996 aurit,
517 3934 618 4006 quibas
639 3933 744 3986 bellum
772 3929 857 3984 hoece
874 3931 1053 3998 praecipuum
1077 3937 1107 3980 et
1126 3928 1215 3980 solum

109 4003 300 4072 complurium
316 4005 451 4056 malarum
466 4013 617 4059 vestrorum
634 4005 742 4056 iontem
763 4001 850 4053 salsae
866 3999 1002 4122 probavi,
1021 4015 1148 4071 quaeque
1165 3997 1216 4050 asl-

111 4071 176 4124 hue
203 4072 325 4126 dicturus
347 4091 423 4136 sum,
448 4075 547 4128 iisdem
572 4091 668 4147 pacem
694 4075 864 4144 complecten
886 4087 929 4122 am
954 4087 1033 4133 esse,
1061 4069 1216 4122 confirmari

107 4151 216 4214 potest
261 4145 375 4198 Modum
403 4153 511 4210 autem,
542 4164 597 4216 quo
626 4143 655 4196 id
680 4143 896 4198 fructuosissime
920 4140 1046 4202 facistis,
1073 4154 1217 4207 exponam·

111 4211 275 4286 Antequam
292 4232 324 4267 eo
344 4217 515 4269 necessitatis
530 4215 749 4286 compellamini,
770 4222 801 4266 ut
817 4215 900 4265 etiarn
917 4211 998 4264 inviti
1013 4209 1047 4263 ad
1065 4211 1215 4279 imperato-

106 4299 174 4340 rem
205 4301 251 4340 ναι
273 4287 423 4360 adiungere
440 4286 613 4351 videamini,
640 4288 780 4361 praesenti
817 4283 1013 4340 benevolentia
1046 4282 1222 4355 praeteritam
