<?xml version="1.0" encoding="UTF-8"?>
<!DOCTYPE html PUBLIC "-//W3C//DTD XHTML 1.0 Transitional//EN"
    "http://www.w3.org/TR/xhtml1/DTD/xhtml1-transitional.dtd">
<html xmlns="http://www.w3.org/1999/xhtml" xml:lang="en" lang="en">
 <head>
  <title>
</title>
<meta http-equiv="Content-Type" content="text/html;charset=utf-8" />
  <meta name='ocr-system' content='tesseract 3.04.00' />
  <meta name='ocr-capabilities' content='ocr_page ocr_carea ocr_par ocr_line ocrx_word'/>
</head>
<body>
  <div class='ocr_page' id='page_1' title='image "./ioanniscantacuz01niebgoog/ioanniscantacuz01niebgoog_0470.png"; bbox 0 0 3074 4946; ppageno 0'>
   <div class='ocr_carea' id='block_1_1' title="bbox 426 295 1192 398">
    <p class='ocr_par' dir='ltr' id='par_1_1' title="bbox 426 295 1192 398">
     <span class='ocr_line' id='line_1_1' title="bbox 426 295 1192 398; baseline 0.004 -21"><span class='ocrx_word' id='word_1_1' title='bbox 426 311 715 379; x_wconf 81' lang='lat' dir='ltr'><strong>msuouumuu</strong></span> <span class='ocrx_word' id='word_1_2' title='bbox 744 318 785 382; x_wconf 90' lang='lat'><strong>11.</strong></span> <span class='ocrx_word' id='word_1_3' title='bbox 808 325 863 389; x_wconf 79' lang='lat'><strong>20.</strong></span> <span class='ocrx_word' id='word_1_4' title='bbox 1104 295 1192 398; x_wconf 72' lang='lat'><strong>423</strong></span> 
     </span>
    </p>
   </div>
   <div class='ocr_carea' id='block_1_2' title="bbox 77 458 1339 1357">
    <p class='ocr_par' dir='ltr' id='par_1_2' title="bbox 99 458 1339 654">
     <span class='ocr_line' id='line_1_2' title="bbox 100 458 1339 560; baseline 0.006 -26"><span class='ocrx_word' id='word_1_5' title='bbox 100 461 194 534; x_wconf 88' lang='grc' dir='ltr'><strong><em>αὑτόν</em></strong></span> <span class='ocrx_word' id='word_1_6' title='bbox 213 463 415 554; x_wconf 78' lang='grc' dir='ltr'><strong><em>νενυτήκαμεν</em></strong></span> <span class='ocrx_word' id='word_1_7' title='bbox 434 458 531 544; x_wconf 64' lang='lat' dir='ltr'><strong>adise</strong></span> <span class='ocrx_word' id='word_1_8' title='bbox 550 466 606 534; x_wconf 83' lang='grc' dir='ltr'><strong><em>καί</em></strong></span> <span class='ocrx_word' id='word_1_9' title='bbox 624 467 705 558; x_wconf 88' lang='grc' dir='ltr'><strong><em>πρός</em></strong></span> <span class='ocrx_word' id='word_1_10' title='bbox 723 469 781 558; x_wconf 77' lang='grc' dir='ltr'><strong><em>τήν</em></strong></span> <span class='ocrx_word' id='word_1_11' title='bbox 800 473 957 560; x_wconf 70' lang='grc' dir='ltr'><strong><em>προτέραν</em></strong></span> <span class='ocrx_word' id='word_1_12' title='bbox 977 463 1000 559; x_wconf 83' lang='grc' dir='ltr'><strong><em>ή</em></strong></span> <span class='ocrx_word' id='word_1_13' title='bbox 1019 471 1075 540; x_wconf 73' lang='grc' dir='ltr'><strong><em>κατ’</em></strong></span> <span class='ocrx_word' id='word_1_14' title='bbox 1091 472 1259 557; x_wconf 60' lang='lat' dir='ltr'><strong>pretiose.</strong></span> <span class='ocrx_word' id='word_1_15' title='bbox 1273 490 1339 559; x_wconf 67' lang='lat'><strong>1329</strong></span> 
     </span>
     <span class='ocr_line' id='line_1_3' title="bbox 99 559 1290 654; baseline 0.007 -22"><span class='ocrx_word' id='word_1_16' title='bbox 99 562 316 652; x_wconf 79' lang='grc' dir='ltr'><strong><em>συνηλόσαμεν</em></strong></span> <span class='ocrx_word' id='word_1_17' title='bbox 336 559 483 654; x_wconf 76' lang='grc' dir='ltr'><strong><em>όπορίαν,</em></strong></span> <span class='ocrx_word' id='word_1_18' title='bbox 503 562 587 654; x_wconf 74' lang='grc' dir='ltr'><strong><em>δρῶν</em></strong></span> <span class='ocrx_word' id='word_1_19' title='bbox 606 571 642 634; x_wconf 80' lang='grc' dir='ltr'><strong>δὲ</strong></span> <span class='ocrx_word' id='word_1_20' title='bbox 660 569 778 647; x_wconf 77' lang='grc' dir='ltr'><strong><em>ἐκεῖνος</em></strong></span> <span class='ocrx_word' id='word_1_21' title='bbox 798 568 842 647; x_wconf 74' lang='grc' dir='ltr'><strong><em>οἷς</em></strong></span> <span class='ocrx_word' id='word_1_22' title='bbox 862 571 920 640; x_wconf 85' lang='grc' dir='ltr'><strong><em>οὑκ</em></strong></span> <span class='ocrx_word' id='word_1_23' title='bbox 937 563 1014 637; x_wconf 75' lang='grc' dir='ltr'><strong><em>ἄνευ</em></strong></span> <span class='ocrx_word' id='word_1_24' title='bbox 1034 573 1290 646; x_wconf 65' lang='lat' dir='ltr'><strong>russurrensis</strong></span> 
     </span>
    </p>

    <p class='ocr_par' dir='ltr' id='par_1_3' title="bbox 77 661 1297 1058">
     <span class='ocr_line' id='line_1_4' title="bbox 98 661 1193 760; baseline 0.007 -28"><span class='ocrx_word' id='word_1_25' title='bbox 98 666 115 732; x_wconf 90' lang='grc' dir='ltr'><strong><em>ὑ</em></strong></span> <span class='ocrx_word' id='word_1_26' title='bbox 134 665 269 750; x_wconf 81' lang='grc' dir='ltr'><strong><em>πόλεμος</em></strong></span> <span class='ocrx_word' id='word_1_27' title='bbox 290 667 376 756; x_wconf 78' lang='grc' dir='ltr'><strong><em>αὑτῷ</em></strong></span> <span class='ocrx_word' id='word_1_28' title='bbox 391 666 588 752; x_wconf 76' lang='grc' dir='ltr'><strong><em>τελευτήσει,</em></strong></span> <span class='ocrx_word' id='word_1_29' title='bbox 613 661 711 747; x_wconf 65' lang='lat' dir='ltr'><strong>adiice</strong></span> <span class='ocrx_word' id='word_1_30' title='bbox 731 671 936 760; x_wconf 74' lang='grc' dir='ltr'><strong><em>ἐπρεσβεόετο</em></strong></span> <span class='ocrx_word' id='word_1_31' title='bbox 957 666 1035 754; x_wconf 88' lang='grc' dir='ltr'><strong><em>ὑμῖν</em></strong></span> <span class='ocrx_word' id='word_1_32' title='bbox 1054 671 1129 759; x_wconf 82' lang='grc' dir='ltr'><strong><em>περί</em></strong></span> <span class='ocrx_word' id='word_1_33' title='bbox 1146 676 1193 740; x_wconf 82' lang='grc' dir='ltr'><strong>εἰ-</strong></span> 
     </span>
     <span class='ocr_line' id='line_1_5' title="bbox 95 764 1297 858; baseline 0.007 -25"><span class='ocrx_word' id='word_1_34' title='bbox 95 764 246 853; x_wconf 76' lang='grc' dir='ltr'><strong><em>ρήνης,ὑ</em></strong></span> <span class='ocrx_word' id='word_1_35' title='bbox 275 768 357 853; x_wconf 82' lang='grc' dir='ltr'><strong><em>μηδὲ</em></strong></span> <span class='ocrx_word' id='word_1_36' title='bbox 385 765 473 850; x_wconf 79' lang='grc' dir='ltr'><strong><em>όχνος</em></strong></span> <span class='ocrx_word' id='word_1_37' title='bbox 504 769 657 856; x_wconf 86' lang='grc' dir='ltr'><strong><em>πρότερον</em></strong></span> <span class='ocrx_word' id='word_1_38' title='bbox 683 770 875 855; x_wconf 70' lang='grc' dir='ltr'><strong><em>ἀνεχόμενος</em></strong></span> <span class='ocrx_word' id='word_1_39' title='bbox 896 767 1002 858; x_wconf 78' lang='grc' dir='ltr'><strong><em>αὑτῆς.</em></strong></span> <span class='ocrx_word' id='word_1_40' title='bbox 1042 769 1135 856; x_wconf 85' lang='grc' dir='ltr'><strong><em>ὑμεῖς</em></strong></span> <span class='ocrx_word' id='word_1_41' title='bbox 1155 777 1192 842; x_wconf 73' lang='grc' dir='ltr'><strong>δὲ</strong></span> <span class='ocrx_word' id='word_1_42' title='bbox 1290 775 1297 782; x_wconf 78' lang='grc'><strong>’</strong></span> 
     </span>
     <span class='ocr_line' id='line_1_6' title="bbox 77 861 1192 962; baseline 0.004 -28"><span class='ocrx_word' id='word_1_43' title='bbox 77 869 150 934; x_wconf 72' lang='lat' dir='ltr'><strong>dosis</strong></span> <span class='ocrx_word' id='word_1_44' title='bbox 171 864 234 932; x_wconf 76' lang='grc' dir='ltr'><strong><em>οἷδ’</em></strong></span> <span class='ocrx_word' id='word_1_45' title='bbox 253 861 322 950; x_wconf 83' lang='grc' dir='ltr'><strong><em>ό,τι</em></strong></span> <span class='ocrx_word' id='word_1_46' title='bbox 342 864 516 950; x_wconf 75' lang='grc' dir='ltr'><strong><em>παθόντες,</em></strong></span> <span class='ocrx_word' id='word_1_47' title='bbox 556 871 629 934; x_wconf 81' lang='grc' dir='ltr'><strong><em>δέον</em></strong></span> <span class='ocrx_word' id='word_1_48' title='bbox 648 871 685 936; x_wconf 81' lang='grc' dir='ltr'><strong><em>ἐκ</em></strong></span> <span class='ocrx_word' id='word_1_49' title='bbox 704 875 770 939; x_wconf 77' lang='grc' dir='ltr'><strong><em>ταῖν</em></strong></span> <span class='ocrx_word' id='word_1_50' title='bbox 789 876 953 962; x_wconf 78' lang='grc' dir='ltr'><strong><em>προτέρων</em></strong></span> <span class='ocrx_word' id='word_1_51' title='bbox 976 874 1192 957; x_wconf 78' lang='grc' dir='ltr'><strong><em>διδαχθέντας</em></strong></span> 
     </span>
     <span class='ocr_line' id='line_1_7' title="bbox 95 961 1191 1058; baseline 0.005 -25"><span class='ocrx_word' id='word_1_52' title='bbox 95 975 289 1054; x_wconf 72' lang='grc' dir='ltr'><strong><em>σωφρονεῖν,</em></strong></span> <span class='ocrx_word' id='word_1_53' title='bbox 311 965 403 1048; x_wconf 86' lang='grc' dir='ltr'><strong><em>ὑμεῖς</em></strong></span> <span class='ocrx_word' id='word_1_54' title='bbox 423 970 459 1032; x_wconf 82' lang='grc' dir='ltr'><strong>δὲ</strong></span> <span class='ocrx_word' id='word_1_55' title='bbox 477 961 628 1034; x_wconf 79' lang='grc' dir='ltr'><strong><em>τόνοισία</em></strong></span> <span class='ocrx_word' id='word_1_56' title='bbox 647 971 709 1035; x_wconf 78' lang='grc' dir='ltr'><strong><em>τῶν</em></strong></span> <span class='ocrx_word' id='word_1_57' title='bbox 728 967 863 1039; x_wconf 84' lang='grc' dir='ltr'><strong><em>δεόντων</em></strong></span> <span class='ocrx_word' id='word_1_58' title='bbox 883 975 1038 1055; x_wconf 77' lang='grc' dir='ltr'><strong><em>ἐποιεῖτε,</em></strong></span> <span class='ocrx_word' id='word_1_59' title='bbox 1059 970 1115 1037; x_wconf 81' lang='grc' dir='ltr'><strong><em>καί</em></strong></span> <span class='ocrx_word' id='word_1_60' title='bbox 1132 971 1191 1058; x_wconf 86' lang='grc' dir='ltr'><strong><em>τήν</em></strong></span> 
     </span>
    </p>

    <p class='ocr_par' dir='ltr' id='par_1_4' title="bbox 92 1063 1191 1262">
     <span class='ocr_line' id='line_1_8' title="bbox 94 1063 1191 1159; baseline 0.005 -26"><span class='ocrx_word' id='word_1_61' title='bbox 94 1063 195 1153; x_wconf 74' lang='grc' dir='ltr'><strong><em>ἀρχήν</em></strong></span> <span class='ocrx_word' id='word_1_62' title='bbox 215 1068 404 1153; x_wconf 86' lang='grc' dir='ltr'><strong><em>παρεδίδοτε</em></strong></span> <span class='ocrx_word' id='word_1_63' title='bbox 425 1067 520 1158; x_wconf 80' lang='grc' dir='ltr'><strong><em>αὑτῷ.</em></strong></span> <span class='ocrx_word' id='word_1_64' title='bbox 535 1069 642 1136; x_wconf 80' lang='grc' dir='ltr'><strong><em>πᾶσαν</em></strong></span> <span class='ocrx_word' id='word_1_65' title='bbox 662 1069 719 1136; x_wconf 81' lang='grc' dir='ltr'><strong><em>καί</em></strong></span> <span class='ocrx_word' id='word_1_66' title='bbox 736 1069 796 1158; x_wconf 84' lang='grc' dir='ltr'><strong><em>τήν</em></strong></span> <span class='ocrx_word' id='word_1_67' title='bbox 814 1071 986 1158; x_wconf 74' lang='grc' dir='ltr'><strong><em>ἡγεμονίαν</em></strong></span> <span class='ocrx_word' id='word_1_68' title='bbox 1016 1075 1079 1138; x_wconf 77' lang='grc' dir='ltr'><strong><em>τοῦν</em></strong></span> <span class='ocrx_word' id='word_1_69' title='bbox 1106 1097 1191 1159; x_wconf 83' lang='grc' dir='ltr'><strong><em>πριι-</em></strong></span> 
     </span>
     <span class='ocr_line' id='line_1_9' title="bbox 92 1166 1190 1262; baseline 0.002 -28"><span class='ocrx_word' id='word_1_70' title='bbox 92 1169 222 1254; x_wconf 76' lang='grc' dir='ltr'><strong><em>ημότων</em></strong></span> <span class='ocrx_word' id='word_1_71' title='bbox 246 1166 303 1234; x_wconf 86' lang='grc' dir='ltr'><strong><em>καί</em></strong></span> <span class='ocrx_word' id='word_1_72' title='bbox 328 1171 462 1256; x_wconf 77' lang='grc' dir='ltr'><strong><em>προσέτι</em></strong></span> <span class='ocrx_word' id='word_1_73' title='bbox 482 1169 631 1255; x_wconf 81' lang='grc' dir='ltr'><strong><em>φέροντες</em></strong></span> <span class='ocrx_word' id='word_1_74' title='bbox 650 1167 737 1254; x_wconf 77' lang='grc' dir='ltr'><strong><em>ὑμᾶς</em></strong></span> <span class='ocrx_word' id='word_1_75' title='bbox 757 1167 894 1256; x_wconf 86' lang='grc' dir='ltr'><strong><em>αὑτοὺς,</em></strong></span> <span class='ocrx_word' id='word_1_76' title='bbox 927 1175 986 1262; x_wconf 78' lang='lat' dir='ltr'><strong>(isi</strong></span> <span class='ocrx_word' id='word_1_77' title='bbox 1004 1169 1066 1260; x_wconf 74' lang='grc' dir='ltr'><strong>γὰρ</strong></span> <span class='ocrx_word' id='word_1_78' title='bbox 1088 1174 1190 1256; x_wconf 73' lang='grc' dir='ltr'><strong><em>λόγων</em></strong></span> 
     </span>
    </p>

    <p class='ocr_par' dir='ltr' id='par_1_5' title="bbox 93 1263 1189 1357">
     <span class='ocr_line' id='line_1_10' title="bbox 93 1263 1189 1357; baseline 0.005 -25"><span class='ocrx_word' id='word_1_79' title='bbox 93 1267 147 1334; x_wconf 83' lang='grc' dir='ltr'><strong><em>καί</em></strong></span> <span class='ocrx_word' id='word_1_80' title='bbox 163 1263 251 1353; x_wconf 77' lang='grc' dir='ltr'><strong><em>ἡμᾶς</em></strong></span> <span class='ocrx_word' id='word_1_81' title='bbox 263 1266 339 1344; x_wconf 88' lang='grc' dir='ltr'><strong><em>τοός</em></strong></span> <span class='ocrx_word' id='word_1_82' title='bbox 358 1266 524 1353; x_wconf 84' lang='grc' dir='ltr'><strong><em>ὑπηκόους,</em></strong></span> <span class='ocrx_word' id='word_1_83' title='bbox 544 1268 645 1336; x_wconf 77' lang='grc' dir='ltr'><strong><em>πολλὰ</em></strong></span> <span class='ocrx_word' id='word_1_84' title='bbox 663 1273 979 1357; x_wconf 77' lang='grc' dir='ltr'><strong><em>δυσανασχετοῦντας</em></strong></span> <span class='ocrx_word' id='word_1_85' title='bbox 1000 1274 1055 1337; x_wconf 81' lang='grc' dir='ltr'><strong><em>καί</em></strong></span> <span class='ocrx_word' id='word_1_86' title='bbox 1071 1293 1189 1356; x_wconf 89' lang='grc' dir='ltr'><strong><em>μονον-</em></strong></span> 
     </span>
    </p>
   </div>
   <div class='ocr_carea' id='block_1_3' title="bbox 42 1465 1287 2658">
    <p class='ocr_par' dir='ltr' id='par_1_6' title="bbox 42 1465 1287 2658">
     <span class='ocr_line' id='line_1_11' title="bbox 90 1465 1287 1554; baseline 0.008 -21"><span class='ocrx_word' id='word_1_87' title='bbox 90 1466 164 1552; x_wconf 80' lang='grc' dir='ltr'><strong><em>περό</em></strong></span> <span class='ocrx_word' id='word_1_88' title='bbox 189 1467 273 1552; x_wconf 80' lang='grc' dir='ltr'><strong><em>ἡμᾶς</em></strong></span> <span class='ocrx_word' id='word_1_89' title='bbox 299 1468 512 1554; x_wconf 77' lang='grc' dir='ltr'><strong><em>γεγενημένοι,</em></strong></span> <span class='ocrx_word' id='word_1_90' title='bbox 546 1467 682 1551; x_wconf 79' lang='grc' dir='ltr'><strong><em>οἰόμενοι</em></strong></span> <span class='ocrx_word' id='word_1_91' title='bbox 709 1465 767 1536; x_wconf 81' lang='grc' dir='ltr'><strong>κόν</strong></span> <span class='ocrx_word' id='word_1_92' title='bbox 802 1467 886 1538; x_wconf 86' lang='grc' dir='ltr'><strong><em>οὑτω</em></strong></span> <span class='ocrx_word' id='word_1_93' title='bbox 917 1475 1025 1538; x_wconf 79' lang='grc' dir='ltr'><strong><em>πᾶσαν</em></strong></span> <span class='ocrx_word' id='word_1_94' title='bbox 1046 1471 1287 1552; x_wconf 61' lang='grc' dir='ltr'><strong><em>πυλίμουῖαοὸ</em></strong></span> 
     </span>
     <span class='ocr_line' id='line_1_12' title="bbox 89 1563 1214 1662; baseline -0.001 -29"><span class='ocrx_word' id='word_1_95' title='bbox 89 1567 251 1655; x_wconf 85' lang='grc' dir='ltr'><strong><em>πρόφασιν</em></strong></span> <span class='ocrx_word' id='word_1_96' title='bbox 269 1566 496 1656; x_wconf 78' lang='grc' dir='ltr'><strong><em>περιαιρήσειν.</em></strong></span> <span class='ocrx_word' id='word_1_97' title='bbox 517 1563 534 1633; x_wconf 88' lang='grc' dir='ltr'><strong><em>ὑ</em></strong></span> <span class='ocrx_word' id='word_1_98' title='bbox 557 1571 587 1634; x_wconf 84' lang='grc' dir='ltr'><strong>δ’</strong></span> <span class='ocrx_word' id='word_1_99' title='bbox 608 1564 714 1658; x_wconf 72' lang='grc' dir='ltr'><strong><em>ὥσπερ</em></strong></span> <span class='ocrx_word' id='word_1_100' title='bbox 736 1570 850 1657; x_wconf 85' lang='grc' dir='ltr'><strong><em>στενήν</em></strong></span> <span class='ocrx_word' id='word_1_101' title='bbox 871 1567 960 1662; x_wconf 79' lang='grc' dir='ltr'><strong><em>αὑτῷ</em></strong></span> <span class='ocrx_word' id='word_1_102' title='bbox 979 1575 1037 1656; x_wconf 80' lang='grc' dir='ltr'><strong><em>τῆς</em></strong></span> <span class='ocrx_word' id='word_1_103' title='bbox 1054 1575 1112 1656; x_wconf 78' lang='grc' dir='ltr'><strong>γῆς</strong></span> <span class='ocrx_word' id='word_1_104' title='bbox 1130 1567 1214 1656; x_wconf 82' lang='grc' dir='ltr'><strong><em>τήνΒ</em></strong></span> 
     </span>
     <span class='ocr_line' id='line_1_13' title="bbox 89 1664 1188 1756; baseline 0.001 -24"><span class='ocrx_word' id='word_1_105' title='bbox 89 1667 211 1754; x_wconf 86' lang='grc' dir='ltr'><strong><em>οἴκησιν</em></strong></span> <span class='ocrx_word' id='word_1_106' title='bbox 231 1669 435 1756; x_wconf 73' lang='grc' dir='ltr'><strong><em>παρεχούσης</em></strong></span> <span class='ocrx_word' id='word_1_107' title='bbox 450 1670 480 1734; x_wconf 79' lang='grc' dir='ltr'><strong>εἰ</strong></span> <span class='ocrx_word' id='word_1_108' title='bbox 500 1666 622 1755; x_wconf 85' lang='grc' dir='ltr'><strong><em>ταὺτην</em></strong></span> <span class='ocrx_word' id='word_1_109' title='bbox 638 1671 735 1756; x_wconf 79' lang='grc' dir='ltr'><strong><em>οἰκείη</em></strong></span> <span class='ocrx_word' id='word_1_110' title='bbox 746 1677 823 1754; x_wconf 79' lang='grc' dir='ltr'><strong><em>μεθ’</em></strong></span> <span class='ocrx_word' id='word_1_111' title='bbox 839 1671 941 1754; x_wconf 77' lang='grc' dir='ltr'><strong><em>ὑμῶν,</em></strong></span> <span class='ocrx_word' id='word_1_112' title='bbox 962 1664 1060 1748; x_wconf 75' lang='grc' dir='ltr'><strong><em>αὖθις</em></strong></span> <span class='ocrx_word' id='word_1_113' title='bbox 1079 1671 1188 1736; x_wconf 79' lang='grc' dir='ltr'><strong><em>ἐπολέ-</em></strong></span> 
     </span>
     <span class='ocr_line' id='line_1_14' title="bbox 89 1764 1188 1868; baseline -0.003 -34"><span class='ocrx_word' id='word_1_114' title='bbox 89 1793 188 1855; x_wconf 88' lang='grc' dir='ltr'><strong><em>μησε,</em></strong></span> <span class='ocrx_word' id='word_1_115' title='bbox 210 1767 265 1835; x_wconf 77' lang='grc' dir='ltr'><strong><em>καί</em></strong></span> <span class='ocrx_word' id='word_1_116' title='bbox 284 1768 390 1854; x_wconf 87' lang='grc' dir='ltr'><strong><em>τρίτον</em></strong></span> <span class='ocrx_word' id='word_1_117' title='bbox 409 1770 511 1854; x_wconf 83' lang='grc' dir='ltr'><strong><em>μηδὲν</em></strong></span> <span class='ocrx_word' id='word_1_118' title='bbox 531 1767 615 1852; x_wconf 83' lang='grc' dir='ltr'><strong><em>ἔχων</em></strong></span> <span class='ocrx_word' id='word_1_119' title='bbox 636 1773 794 1854; x_wconf 67' lang='lat' dir='ltr'><strong>sysarae,</strong></span> <span class='ocrx_word' id='word_1_120' title='bbox 816 1771 925 1836; x_wconf 77' lang='grc' dir='ltr'><strong><em>οὐκέθ’</em></strong></span> <span class='ocrx_word' id='word_1_121' title='bbox 946 1764 1050 1854; x_wconf 70' lang='grc' dir='ltr'><strong><em>ὥσπερ</em></strong></span> <span class='ocrx_word' id='word_1_122' title='bbox 1073 1766 1188 1868; x_wconf 80' lang='grc' dir='ltr'><strong><em>πρότε·</em></strong></span> 
     </span>
     <span class='ocr_line' id='line_1_15' title="bbox 60 1863 1186 1957; baseline -0.004 -21"><span class='ocrx_word' id='word_1_123' title='bbox 60 1875 144 1954; x_wconf 73' lang='grc' dir='ltr'><strong><em>ιὸρυν</em></strong></span> <span class='ocrx_word' id='word_1_124' title='bbox 167 1863 402 1955; x_wconf 86' lang='grc' dir='ltr'><strong><em>όπαρασκεόως</em></strong></span> <span class='ocrx_word' id='word_1_125' title='bbox 434 1872 491 1935; x_wconf 82' lang='grc' dir='ltr'><strong><em>καί</em></strong></span> <span class='ocrx_word' id='word_1_126' title='bbox 508 1871 542 1950; x_wconf 83' lang='grc' dir='ltr'><strong>όξ</strong></span> <span class='ocrx_word' id='word_1_127' title='bbox 563 1868 699 1957; x_wconf 74' lang='grc' dir='ltr'><strong><em>ἐφόδου,</em></strong></span> <span class='ocrx_word' id='word_1_128' title='bbox 721 1867 922 1936; x_wconf 65' lang='grc' dir='ltr'><strong><em>τεκνοποιεῖ</em></strong></span> <span class='ocrx_word' id='word_1_129' title='bbox 943 1865 1096 1955; x_wconf 87' lang='grc' dir='ltr'><strong><em>πρότερον</em></strong></span> <span class='ocrx_word' id='word_1_130' title='bbox 1108 1890 1186 1932; x_wconf 89' lang='grc' dir='ltr'><strong><em>συν-</em></strong></span> 
     </span>
     <span class='ocr_line' id='line_1_16' title="bbox 92 1961 1186 2056; baseline 0 -24"><span class='ocrx_word' id='word_1_131' title='bbox 92 1971 317 2050; x_wconf 78' lang='grc' dir='ltr'><strong><em>εσκευασμένος</em></strong></span> <span class='ocrx_word' id='word_1_132' title='bbox 346 1966 422 2054; x_wconf 84' lang='grc' dir='ltr'><strong><em>περί</em></strong></span> <span class='ocrx_word' id='word_1_133' title='bbox 449 1970 508 2054; x_wconf 87' lang='grc' dir='ltr'><strong><em>τήν</em></strong></span> <span class='ocrx_word' id='word_1_134' title='bbox 528 1964 668 2056; x_wconf 71' lang='grc' dir='ltr'><strong><em>ἑσπέραν</em></strong></span> <span class='ocrx_word' id='word_1_135' title='bbox 674 2020 685 2052; x_wconf 92' lang='grc'><strong><em>,</em></strong></span> <span class='ocrx_word' id='word_1_136' title='bbox 714 1973 771 2036; x_wconf 82' lang='grc' dir='ltr'><strong><em>καί</em></strong></span> <span class='ocrx_word' id='word_1_137' title='bbox 787 1967 941 2054; x_wconf 82' lang='grc' dir='ltr'><strong><em>στρατιὰν</em></strong></span> <span class='ocrx_word' id='word_1_138' title='bbox 961 1964 1128 2052; x_wconf 71' lang='grc' dir='ltr'><strong><em>ἐπαγαγών</em></strong></span> <span class='ocrx_word' id='word_1_139' title='bbox 1147 1961 1186 2050; x_wconf 82' lang='grc' dir='ltr'><strong>ἧ-</strong></span> 
     </span>
     <span class='ocr_line' id='line_1_17' title="bbox 89 2053 1187 2156; baseline -0.005 -22"><span class='ocrx_word' id='word_1_140' title='bbox 89 2079 143 2151; x_wconf 81' lang='grc' dir='ltr'><strong><em>μῖν</em></strong></span> <span class='ocrx_word' id='word_1_141' title='bbox 163 2067 279 2154; x_wconf 77' lang='grc' dir='ltr'><strong><em>πλήθει</em></strong></span> <span class='ocrx_word' id='word_1_142' title='bbox 296 2069 354 2133; x_wconf 87' lang='grc' dir='ltr'><strong><em>οὑκ</em></strong></span> <span class='ocrx_word' id='word_1_143' title='bbox 376 2064 482 2153; x_wconf 74' lang='grc' dir='ltr'><strong><em>ὀλίγον</em></strong></span> <span class='ocrx_word' id='word_1_144' title='bbox 500 2067 723 2156; x_wconf 70' lang='grc' dir='ltr'><strong><em>ὑπερέχουσαν</em></strong></span> <span class='ocrx_word' id='word_1_145' title='bbox 742 2066 833 2154; x_wconf 81' lang='grc' dir='ltr'><strong><em>ήμῶν</em></strong></span> <span class='ocrx_word' id='word_1_146' title='bbox 845 2053 905 2134; x_wconf 85' lang='grc' dir='ltr'><strong><em>οὑκ</em></strong></span> <span class='ocrx_word' id='word_1_147' title='bbox 917 2069 950 2148; x_wconf 75' lang='grc' dir='ltr'><strong>ἐξ</strong></span> <span class='ocrx_word' id='word_1_148' title='bbox 961 2063 1113 2150; x_wconf 78' lang='grc' dir='ltr'><strong><em>Ἑλλήνων</em></strong></span> <span class='ocrx_word' id='word_1_149' title='bbox 1124 2059 1187 2146; x_wconf 60' lang='grc' dir='ltr'><strong>μόι</strong></span> 
     </span>
     <span class='ocr_line' id='line_1_18' title="bbox 87 2163 1182 2255; baseline -0.007 -19"><span class='ocrx_word' id='word_1_150' title='bbox 87 2195 139 2236; x_wconf 88' lang='grc' dir='ltr'><strong>νον</strong></span> <span class='ocrx_word' id='word_1_151' title='bbox 161 2171 226 2236; x_wconf 79' lang='grc' dir='ltr'><strong><em>τῶν</em></strong></span> <span class='ocrx_word' id='word_1_152' title='bbox 244 2163 365 2234; x_wconf 69' lang='lat' dir='ltr'><strong>adad-is</strong></span> <span class='ocrx_word' id='word_1_153' title='bbox 382 2166 627 2254; x_wconf 80' lang='grc' dir='ltr'><strong><em>κατοικούντων,</em></strong></span> <span class='ocrx_word' id='word_1_154' title='bbox 649 2164 728 2234; x_wconf 76' lang='grc' dir='ltr'><strong>ἀλλὰ</strong></span> <span class='ocrx_word' id='word_1_155' title='bbox 750 2173 806 2234; x_wconf 85' lang='grc' dir='ltr'><strong><em>καί</em></strong></span> <span class='ocrx_word' id='word_1_156' title='bbox 830 2173 895 2235; x_wconf 78' lang='grc' dir='ltr'><strong><em>τῶν</em></strong></span> <span class='ocrx_word' id='word_1_157' title='bbox 908 2165 1084 2255; x_wconf 80' lang='grc' dir='ltr'><strong><em>προσοίκων</em></strong></span> <span class='ocrx_word' id='word_1_158' title='bbox 1099 2169 1182 2249; x_wconf 86' lang='grc' dir='ltr'><strong><em>βαρ-</em></strong></span> 
     </span>
     <span class='ocr_line' id='line_1_19' title="bbox 83 2263 1187 2356; baseline -0.006 -21"><span class='ocrx_word' id='word_1_159' title='bbox 83 2269 196 2356; x_wconf 77' lang='grc' dir='ltr'><strong><em>βάρων</em></strong></span> <span class='ocrx_word' id='word_1_160' title='bbox 221 2271 422 2352; x_wconf 74' lang='grc' dir='ltr'><strong><em>συμμαχιδα.</em></strong></span> <span class='ocrx_word' id='word_1_161' title='bbox 466 2267 602 2356; x_wconf 74' lang='grc' dir='ltr'><strong><em>δρῶντες</em></strong></span> <span class='ocrx_word' id='word_1_162' title='bbox 632 2271 667 2334; x_wconf 86' lang='grc' dir='ltr'><strong>δὲ</strong></span> <span class='ocrx_word' id='word_1_163' title='bbox 697 2272 795 2334; x_wconf 68' lang='grc' dir='ltr'><strong><em>ταῦθ’</em></strong></span> <span class='ocrx_word' id='word_1_164' title='bbox 824 2266 936 2354; x_wconf 86' lang='grc' dir='ltr'><strong><em>ὑμεῖς,</em></strong></span> <span class='ocrx_word' id='word_1_165' title='bbox 966 2263 1112 2342; x_wconf 74' lang='grc' dir='ltr'><strong><em>δλθόντες</em></strong></span> <span class='ocrx_word' id='word_1_166' title='bbox 1141 2265 1187 2339; x_wconf 85' lang='grc' dir='ltr'><strong>εἰς</strong></span> 
     </span>
     <span class='ocr_line' id='line_1_20' title="bbox 42 2353 1186 2457; baseline -0.011 -17"><span class='ocrx_word' id='word_1_167' title='bbox 42 2368 273 2451; x_wconf 82' lang='grc' dir='ltr'><strong><em>οοΒοζόνιιον,</em></strong></span> <span class='ocrx_word' id='word_1_168' title='bbox 295 2371 421 2436; x_wconf 78' lang='grc' dir='ltr'><strong><em>ἐδεῖσθε</em></strong></span> <span class='ocrx_word' id='word_1_169' title='bbox 437 2372 595 2452; x_wconf 81' lang='grc' dir='ltr'><strong><em>βασιλέως</em></strong></span> <span class='ocrx_word' id='word_1_170' title='bbox 615 2366 691 2457; x_wconf 79' lang='grc' dir='ltr'><strong><em>περί</em></strong></span> <span class='ocrx_word' id='word_1_171' title='bbox 703 2366 838 2455; x_wconf 86' lang='grc' dir='ltr'><strong><em>εἰρήνης.</em></strong></span> <span class='ocrx_word' id='word_1_172' title='bbox 858 2367 875 2433; x_wconf 89' lang='grc' dir='ltr'><strong><em>ό</em></strong></span> <span class='ocrx_word' id='word_1_173' title='bbox 894 2371 926 2431; x_wconf 89' lang='grc' dir='ltr'><strong>δ’</strong></span> <span class='ocrx_word' id='word_1_174' title='bbox 944 2361 1038 2430; x_wconf 76' lang='grc' dir='ltr'><strong><em>οὐδὲν</em></strong></span> <span class='ocrx_word' id='word_1_175' title='bbox 1058 2353 1186 2449; x_wconf 76' lang='grc' dir='ltr'><strong><em>ἦιτονή</em></strong></span> 
     </span>
     <span class='ocr_line' id='line_1_21' title="bbox 81 2459 1187 2556; baseline -0.007 -22"><span class='ocrx_word' id='word_1_176' title='bbox 81 2468 238 2556; x_wconf 90' lang='grc' dir='ltr'><strong><em>πρότερον</em></strong></span> <span class='ocrx_word' id='word_1_177' title='bbox 249 2462 291 2554; x_wconf 84' lang='grc' dir='ltr'><strong><em>ήν</em></strong></span> <span class='ocrx_word' id='word_1_178' title='bbox 307 2465 462 2546; x_wconf 83' lang='grc' dir='ltr'><strong><em>οἷδόνατδς</em></strong></span> <span class='ocrx_word' id='word_1_179' title='bbox 475 2473 658 2556; x_wconf 70' lang='grc' dir='ltr'><strong><em>πεισθῆναι,</em></strong></span> <span class='ocrx_word' id='word_1_180' title='bbox 674 2467 731 2534; x_wconf 79' lang='grc' dir='ltr'><strong><em>καί</em></strong></span> <span class='ocrx_word' id='word_1_181' title='bbox 744 2467 797 2536; x_wconf 84' lang='grc' dir='ltr'><strong>διό</strong></span> <span class='ocrx_word' id='word_1_182' title='bbox 808 2471 900 2536; x_wconf 75' lang='grc' dir='ltr'><strong><em>τοῦτο</em></strong></span> <span class='ocrx_word' id='word_1_183' title='bbox 917 2465 1096 2550; x_wconf 72' lang='grc' dir='ltr'><strong><em>ἀναγκαίως</em></strong></span> <span class='ocrx_word' id='word_1_184' title='bbox 1106 2459 1187 2548; x_wconf 87' lang='grc' dir='ltr'><strong><em>πρός</em></strong></span> 
     </span>
     <span class='ocr_line' id='line_1_22' title="bbox 80 2557 1213 2658; baseline -0.005 -22"><span class='ocrx_word' id='word_1_185' title='bbox 80 2567 141 2636; x_wconf 87' lang='grc' dir='ltr'><strong><em>τόν</em></strong></span> <span class='ocrx_word' id='word_1_186' title='bbox 155 2565 292 2654; x_wconf 79' lang='grc' dir='ltr'><strong><em>πόλεμον</em></strong></span> <span class='ocrx_word' id='word_1_187' title='bbox 308 2565 363 2634; x_wconf 80' lang='grc' dir='ltr'><strong><em>καί</em></strong></span> <span class='ocrx_word' id='word_1_188' title='bbox 379 2569 487 2656; x_wconf 84' lang='grc' dir='ltr'><strong><em>τρίτον</em></strong></span> <span class='ocrx_word' id='word_1_189' title='bbox 505 2564 690 2658; x_wconf 84' lang='grc' dir='ltr'><strong><em>ε’χωρήσατε</em></strong></span> <span class='ocrx_word' id='word_1_190' title='bbox 709 2557 816 2654; x_wconf 60' lang='grc' dir='ltr'><strong><em>ὑμεῖςζ</em></strong></span> <span class='ocrx_word' id='word_1_191' title='bbox 833 2566 889 2634; x_wconf 77' lang='grc' dir='ltr'><strong><em>καί</em></strong></span> <span class='ocrx_word' id='word_1_192' title='bbox 901 2565 993 2654; x_wconf 79' lang='grc' dir='ltr'><strong><em>ἡμεῖς</em></strong></span> <span class='ocrx_word' id='word_1_193' title='bbox 1014 2561 1072 2650; x_wconf 86' lang='grc' dir='ltr'><strong><em>τήν</em></strong></span> <span class='ocrx_word' id='word_1_194' title='bbox 1086 2563 1213 2649; x_wconf 69' lang='grc' dir='ltr'><strong><em>ὑπερ-ὓ</em></strong></span> 
     </span>
    </p>
   </div>
   <div class='ocr_carea' id='block_1_4' title="bbox 67 2775 1196 4344">
    <p class='ocr_par' dir='ltr' id='par_1_7' title="bbox 67 2775 1196 4344">
     <span class='ocr_line' id='line_1_23' title="bbox 78 2775 1184 2851; baseline -0.005 -21"><span class='ocrx_word' id='word_1_195' title='bbox 78 2789 159 2838; x_wconf 83' lang='lat' dir='ltr'><strong>mus,</strong></span> <span class='ocrx_word' id='word_1_196' title='bbox 187 2775 349 2844; x_wconf 70' lang='lat' dir='ltr'><strong>suppliciter</strong></span> <span class='ocrx_word' id='word_1_197' title='bbox 370 2788 515 2851; x_wconf 82' lang='lat' dir='ltr'><strong>rogantes,</strong></span> <span class='ocrx_word' id='word_1_198' title='bbox 542 2799 578 2834; x_wconf 89' lang='lat' dir='ltr'><strong>ne</strong></span> <span class='ocrx_word' id='word_1_199' title='bbox 597 2798 647 2834; x_wconf 89' lang='lat' dir='ltr'><strong>nos</strong></span> <span class='ocrx_word' id='word_1_200' title='bbox 665 2783 768 2834; x_wconf 89' lang='lat' dir='ltr'><strong>mutuis</strong></span> <span class='ocrx_word' id='word_1_201' title='bbox 788 2778 920 2832; x_wconf 83' lang='lat' dir='ltr'><strong>caedibus</strong></span> <span class='ocrx_word' id='word_1_202' title='bbox 939 2775 1054 2830; x_wconf 88' lang='lat' dir='ltr'><strong>interire</strong></span> <span class='ocrx_word' id='word_1_203' title='bbox 1071 2779 1184 2845; x_wconf 78' lang='lat' dir='ltr'><strong>patere-</strong></span> 
     </span>
     <span class='ocr_line' id='line_1_24' title="bbox 79 2843 1184 2920; baseline -0.002 -22"><span class='ocrx_word' id='word_1_204' title='bbox 79 2855 136 2898; x_wconf 88' lang='lat' dir='ltr'><strong>tur.</strong></span> <span class='ocrx_word' id='word_1_205' title='bbox 184 2843 240 2897; x_wconf 85' lang='lat' dir='ltr'><strong>Sed</strong></span> <span class='ocrx_word' id='word_1_206' title='bbox 263 2849 286 2900; x_wconf 92' lang='lat' dir='ltr'><strong>si</strong></span> <span class='ocrx_word' id='word_1_207' title='bbox 313 2850 388 2920; x_wconf 80' lang='lat' dir='ltr'><strong>qnod</strong></span> <span class='ocrx_word' id='word_1_208' title='bbox 406 2853 490 2903; x_wconf 89' lang='lat' dir='ltr'><strong>etiarn</strong></span> <span class='ocrx_word' id='word_1_209' title='bbox 508 2853 610 2904; x_wconf 80' lang='lat' dir='ltr'><strong>crimen</strong></span> <span class='ocrx_word' id='word_1_210' title='bbox 628 2853 707 2905; x_wconf 80' lang='lat' dir='ltr'><strong>vobis</strong></span> <span class='ocrx_word' id='word_1_211' title='bbox 727 2853 894 2912; x_wconf 79' lang='lat' dir='ltr'><strong>intentaret,</strong></span> <span class='ocrx_word' id='word_1_212' title='bbox 922 2848 951 2898; x_wconf 90' lang='lat' dir='ltr'><strong>in</strong></span> <span class='ocrx_word' id='word_1_213' title='bbox 971 2845 1076 2898; x_wconf 88' lang='lat' dir='ltr'><strong>iudicio</strong></span> <span class='ocrx_word' id='word_1_214' title='bbox 1096 2843 1184 2896; x_wconf 89' lang='lat' dir='ltr'><strong>disso-</strong></span> 
     </span>
     <span class='ocr_line' id='line_1_25' title="bbox 78 2911 1196 2993; baseline -0.004 -25"><span class='ocrx_word' id='word_1_215' title='bbox 78 2919 200 2970; x_wconf 88' lang='lat' dir='ltr'><strong>iuturos.</strong></span> <span class='ocrx_word' id='word_1_216' title='bbox 246 2917 271 2970; x_wconf 88' lang='lat' dir='ltr'><strong>is</strong></span> <span class='ocrx_word' id='word_1_217' title='bbox 296 2923 464 2974; x_wconf 83' lang='lat' dir='ltr'><strong>mentionem</strong></span> <span class='ocrx_word' id='word_1_218' title='bbox 488 2925 564 2993; x_wconf 80' lang='lat' dir='ltr'>pacis</span> <span class='ocrx_word' id='word_1_219' title='bbox 589 2940 641 2974; x_wconf 89' lang='lat' dir='ltr'><strong>nee</strong></span> <span class='ocrx_word' id='word_1_220' title='bbox 666 2922 701 2974; x_wconf 92' lang='lat' dir='ltr'><strong>ad</strong></span> <span class='ocrx_word' id='word_1_221' title='bbox 725 2937 843 2972; x_wconf 87' lang='lat' dir='ltr'><strong>summas</strong></span> <span class='ocrx_word' id='word_1_222' title='bbox 862 2935 940 2971; x_wconf 90' lang='lat' dir='ltr'><strong>aures</strong></span> <span class='ocrx_word' id='word_1_223' title='bbox 960 2916 1081 2969; x_wconf 80' lang='lat' dir='ltr'><strong>admisit.</strong></span> <span class='ocrx_word' id='word_1_224' title='bbox 1124 2911 1196 2984; x_wconf 69' lang='lat' dir='ltr'><strong>&#39;Nos</strong></span> 
     </span>
     <span class='ocr_line' id='line_1_26' title="bbox 77 2984 1181 3060; baseline -0.005 -20"><span class='ocrx_word' id='word_1_225' title='bbox 77 2987 210 3060; x_wconf 79' lang='lat' dir='ltr'><strong>undique</strong></span> <span class='ocrx_word' id='word_1_226' title='bbox 228 2988 437 3044; x_wconf 83' lang='lat' dir='ltr'><strong>difficultatibus</strong></span> <span class='ocrx_word' id='word_1_227' title='bbox 449 2995 604 3056; x_wconf 63' lang='grc' dir='ltr'><strong><em>τοιουτοιί,</em></strong></span> <span class='ocrx_word' id='word_1_228' title='bbox 628 3009 721 3045; x_wconf 89' lang='lat' dir='ltr'><strong>rursus</strong></span> <span class='ocrx_word' id='word_1_229' title='bbox 740 2992 888 3044; x_wconf 81' lang='lat' dir='ltr'><strong>discrimen</strong></span> <span class='ocrx_word' id='word_1_230' title='bbox 908 2987 1032 3040; x_wconf 86' lang='lat' dir='ltr'><strong>adimus:</strong></span> <span class='ocrx_word' id='word_1_231' title='bbox 1051 2991 1080 3036; x_wconf 82' lang='lat' dir='ltr'><strong>et</strong></span> <span class='ocrx_word' id='word_1_232' title='bbox 1093 2984 1181 3036; x_wconf 85' lang='lat' dir='ltr'><strong>altero</strong></span> 
     </span>
     <span class='ocr_line' id='line_1_27' title="bbox 78 3059 1182 3133; baseline -0.005 -23"><span class='ocrx_word' id='word_1_233' title='bbox 78 3059 213 3112; x_wconf 77' lang='lat' dir='ltr'><strong>adversus</strong></span> <span class='ocrx_word' id='word_1_234' title='bbox 232 3061 310 3112; x_wconf 87' lang='lat' dir='ltr'><strong>ilium</strong></span> <span class='ocrx_word' id='word_1_235' title='bbox 330 3062 405 3115; x_wconf 89' lang='lat' dir='ltr'><strong>beiio</strong></span> <span class='ocrx_word' id='word_1_236' title='bbox 425 3065 524 3117; x_wconf 88' lang='lat' dir='ltr'><strong>iterum</strong></span> <span class='ocrx_word' id='word_1_237' title='bbox 543 3066 678 3117; x_wconf 84' lang='lat' dir='ltr'><strong>vincimus</strong></span> <span class='ocrx_word' id='word_1_238' title='bbox 707 3071 736 3115; x_wconf 88' lang='lat' dir='ltr'><strong>et</strong></span> <span class='ocrx_word' id='word_1_239' title='bbox 762 3062 797 3114; x_wconf 84' lang='lat' dir='ltr'><strong>ud</strong></span> <span class='ocrx_word' id='word_1_240' title='bbox 821 3063 927 3133; x_wconf 88' lang='lat' dir='ltr'><strong>priores</strong></span> <span class='ocrx_word' id='word_1_241' title='bbox 949 3075 1028 3121; x_wconf 86' lang='lat' dir='ltr'><strong>eum,</strong></span> <span class='ocrx_word' id='word_1_242' title='bbox 1056 3062 1106 3107; x_wconf 86' lang='lat' dir='ltr'><strong>sut</strong></span> <span class='ocrx_word' id='word_1_243' title='bbox 1123 3071 1182 3106; x_wconf 86' lang='lat' dir='ltr'><strong>rna·</strong></span> 
     </span>
     <span class='ocr_line' id='line_1_28' title="bbox 78 3127 1180 3205; baseline -0.01 -18"><span class='ocrx_word' id='word_1_244' title='bbox 78 3133 156 3182; x_wconf 82' lang='lat' dir='ltr'><strong>iores</strong></span> <span class='ocrx_word' id='word_1_245' title='bbox 177 3132 258 3184; x_wconf 84' lang='lat' dir='ltr'><strong>etism</strong></span> <span class='ocrx_word' id='word_1_246' title='bbox 277 3135 415 3204; x_wconf 84' lang='lat' dir='ltr'><strong>angustias</strong></span> <span class='ocrx_word' id='word_1_247' title='bbox 435 3135 590 3205; x_wconf 79' lang='lat' dir='ltr'><strong>redigimus.</strong></span> <span class='ocrx_word' id='word_1_248' title='bbox 635 3135 692 3203; x_wconf 88' lang='lat' dir='ltr'><strong>Qui</strong></span> <span class='ocrx_word' id='word_1_249' title='bbox 721 3133 825 3185; x_wconf 88' lang='lat' dir='ltr'><strong>bellum</strong></span> <span class='ocrx_word' id='word_1_250' title='bbox 852 3133 920 3184; x_wconf 91' lang='lat' dir='ltr'><strong>eitra</strong></span> <span class='ocrx_word' id='word_1_251' title='bbox 946 3145 1081 3182; x_wconf 89' lang='lat' dir='ltr'><strong>summum</strong></span> <span class='ocrx_word' id='word_1_252' title='bbox 1102 3127 1180 3196; x_wconf 87' lang='lat' dir='ltr'><strong>peri·</strong></span> 
     </span>
     <span class='ocr_line' id='line_1_29' title="bbox 76 3195 1181 3273; baseline -0.004 -21"><span class='ocrx_word' id='word_1_253' title='bbox 76 3203 176 3253; x_wconf 87' lang='lat' dir='ltr'><strong>cuium</strong></span> <span class='ocrx_word' id='word_1_254' title='bbox 194 3219 272 3253; x_wconf 89' lang='lat' dir='ltr'><strong>suum</strong></span> <span class='ocrx_word' id='word_1_255' title='bbox 288 3201 362 3256; x_wconf 87' lang='lat' dir='ltr'><strong>haud</strong></span> <span class='ocrx_word' id='word_1_256' title='bbox 375 3207 481 3258; x_wconf 87' lang='lat' dir='ltr'><strong>iinitum</strong></span> <span class='ocrx_word' id='word_1_257' title='bbox 504 3209 539 3259; x_wconf 91' lang='lat' dir='ltr'><strong>iri</strong></span> <span class='ocrx_word' id='word_1_258' title='bbox 560 3205 786 3269; x_wconf 86' lang='lat' dir='ltr'><strong>animadvertens,</strong></span> <span class='ocrx_word' id='word_1_259' title='bbox 805 3201 839 3256; x_wconf 90' lang='lat' dir='ltr'><strong>de</strong></span> <span class='ocrx_word' id='word_1_260' title='bbox 858 3219 926 3273; x_wconf 88' lang='lat' dir='ltr'><strong>paee</strong></span> <span class='ocrx_word' id='word_1_261' title='bbox 943 3218 992 3256; x_wconf 81' lang='lat' dir='ltr'><strong>uos</strong></span> <span class='ocrx_word' id='word_1_262' title='bbox 1010 3216 1060 3273; x_wconf 89' lang='lat' dir='ltr'><strong>per</strong></span> <span class='ocrx_word' id='word_1_263' title='bbox 1077 3195 1181 3266; x_wconf 81' lang='lat' dir='ltr'><strong>legatos</strong></span> 
     </span>
     <span class='ocr_line' id='line_1_30' title="bbox 74 3267 1182 3348; baseline -0.005 -24"><span class='ocrx_word' id='word_1_264' title='bbox 74 3271 220 3343; x_wconf 86' lang='lat' dir='ltr'><strong>appellat:</strong></span> <span class='ocrx_word' id='word_1_265' title='bbox 253 3291 313 3324; x_wconf 90' lang='lat' dir='ltr'><strong>eum</strong></span> <span class='ocrx_word' id='word_1_266' title='bbox 334 3275 400 3328; x_wconf 87' lang='lat' dir='ltr'><strong>aiios</strong></span> <span class='ocrx_word' id='word_1_267' title='bbox 420 3293 574 3330; x_wconf 82' lang='lat' dir='ltr'><strong>nonomen</strong></span> <span class='ocrx_word' id='word_1_268' title='bbox 594 3277 707 3348; x_wconf 85' lang='lat' dir='ltr'><strong>quidem</strong></span> <span class='ocrx_word' id='word_1_269' title='bbox 728 3277 788 3327; x_wconf 88' lang='lat' dir='ltr'><strong>eius</strong></span> <span class='ocrx_word' id='word_1_270' title='bbox 806 3275 991 3328; x_wconf 86' lang='lat' dir='ltr'><strong>sustinuisset.</strong></span> <span class='ocrx_word' id='word_1_271' title='bbox 1026 3267 1112 3322; x_wconf 87' lang='lat' dir='ltr'><strong>Vobis</strong></span> <span class='ocrx_word' id='word_1_272' title='bbox 1131 3285 1182 3321; x_wconf 84' lang='lat' dir='ltr'><strong>su-</strong></span> 
     </span>
     <span class='ocr_line' id='line_1_31' title="bbox 72 3339 1182 3414; baseline -0.005 -18"><span class='ocrx_word' id='word_1_273' title='bbox 72 3353 135 3397; x_wconf 85' lang='lat' dir='ltr'><strong>tem</strong></span> <span class='ocrx_word' id='word_1_274' title='bbox 156 3343 249 3395; x_wconf 85' lang='lat' dir='ltr'><strong>uescio</strong></span> <span class='ocrx_word' id='word_1_275' title='bbox 269 3344 337 3414; x_wconf 92' lang='lat' dir='ltr'><strong>quid</strong></span> <span class='ocrx_word' id='word_1_276' title='bbox 355 3347 421 3400; x_wconf 89' lang='lat' dir='ltr'><strong>mali</strong></span> <span class='ocrx_word' id='word_1_277' title='bbox 441 3348 512 3400; x_wconf 84' lang='lat' dir='ltr'><strong>maia</strong></span> <span class='ocrx_word' id='word_1_278' title='bbox 529 3348 669 3402; x_wconf 85' lang='lat' dir='ltr'><strong>obiectum</strong></span> <span class='ocrx_word' id='word_1_279' title='bbox 689 3355 732 3399; x_wconf 85' lang='lat' dir='ltr'><strong>est</strong></span> <span class='ocrx_word' id='word_1_280' title='bbox 750 3362 843 3398; x_wconf 88' lang='lat' dir='ltr'><strong>manu.</strong></span> <span class='ocrx_word' id='word_1_281' title='bbox 888 3345 958 3396; x_wconf 86' lang='lat' dir='ltr'><strong>Nam</strong></span> <span class='ocrx_word' id='word_1_282' title='bbox 978 3357 1040 3394; x_wconf 89' lang='lat' dir='ltr'><strong>eum</strong></span> <span class='ocrx_word' id='word_1_283' title='bbox 1066 3339 1182 3393; x_wconf 88' lang='lat' dir='ltr'><strong>debuis-</strong></span> 
     </span>
     <span class='ocr_line' id='line_1_32' title="bbox 73 3409 1183 3501; baseline -0.005 -35"><span class='ocrx_word' id='word_1_284' title='bbox 73 3418 147 3466; x_wconf 88' lang='lat' dir='ltr'><strong>setis</strong></span> <span class='ocrx_word' id='word_1_285' title='bbox 168 3431 201 3466; x_wconf 82' lang='lat' dir='ltr'><strong>ex</strong></span> <span class='ocrx_word' id='word_1_286' title='bbox 221 3418 383 3484; x_wconf 69' lang='lat' dir='ltr'><strong>antegressis</strong></span> <span class='ocrx_word' id='word_1_287' title='bbox 402 3435 511 3488; x_wconf 85' lang='lat' dir='ltr'><strong>sapere,</strong></span> <span class='ocrx_word' id='word_1_288' title='bbox 536 3418 710 3488; x_wconf 77' lang='lat' dir='ltr'><strong>desipuistis:</strong></span> <span class='ocrx_word' id='word_1_289' title='bbox 743 3417 947 3501; x_wconf 64' lang='lat' dir='ltr'><strong>imperiumque</strong></span> <span class='ocrx_word' id='word_1_290' title='bbox 975 3421 1064 3466; x_wconf 90' lang='lat' dir='ltr'><strong>totum</strong></span> <span class='ocrx_word' id='word_1_291' title='bbox 1084 3418 1113 3462; x_wconf 91' lang='lat' dir='ltr'><strong>et</strong></span> <span class='ocrx_word' id='word_1_292' title='bbox 1130 3409 1183 3462; x_wconf 92' lang='lat' dir='ltr'><strong>ad-</strong></span> 
     </span>
     <span class='ocr_line' id='line_1_33' title="bbox 72 3480 1182 3560; baseline -0.005 -23"><span class='ocrx_word' id='word_1_293' title='bbox 72 3487 314 3538; x_wconf 86' lang='lat' dir='ltr'><strong>ministrationem</strong></span> <span class='ocrx_word' id='word_1_294' title='bbox 341 3505 431 3541; x_wconf 84' lang='lat' dir='ltr'><strong>rerum</strong></span> <span class='ocrx_word' id='word_1_295' title='bbox 457 3498 486 3542; x_wconf 89' lang='lat' dir='ltr'><strong>et</strong></span> <span class='ocrx_word' id='word_1_296' title='bbox 511 3491 694 3560; x_wconf 75' lang='lat' dir='ltr'><strong>vosmetipsos</strong></span> <span class='ocrx_word' id='word_1_297' title='bbox 713 3489 828 3560; x_wconf 88' lang='lat' dir='ltr'><strong>insuper</strong></span> <span class='ocrx_word' id='word_1_298' title='bbox 847 3489 873 3540; x_wconf 88' lang='lat' dir='ltr'><strong>ei</strong></span> <span class='ocrx_word' id='word_1_299' title='bbox 895 3505 925 3540; x_wconf 87' lang='lat' dir='ltr'><strong>m</strong></span> <span class='ocrx_word' id='word_1_300' title='bbox 945 3501 1041 3537; x_wconf 88' lang='lat' dir='ltr'><strong>manus</strong></span> <span class='ocrx_word' id='word_1_301' title='bbox 1060 3480 1182 3535; x_wconf 88' lang='lat' dir='ltr'><strong>tradidi-</strong></span> 
     </span>
     <span class='ocr_line' id='line_1_34' title="bbox 72 3551 1181 3630; baseline -0.014 -11"><span class='ocrx_word' id='word_1_302' title='bbox 72 3559 146 3618; x_wconf 68' lang='lat' dir='ltr'><strong>¹i1⁵2</strong></span> <span class='ocrx_word' id='word_1_303' title='bbox 171 3557 285 3627; x_wconf 82' lang='lat' dir='ltr'><strong>(omitto</strong></span> <span class='ocrx_word' id='word_1_304' title='bbox 304 3559 377 3609; x_wconf 89' lang='lat' dir='ltr'><strong>enim</strong></span> <span class='ocrx_word' id='word_1_305' title='bbox 396 3560 502 3624; x_wconf 85' lang='lat' dir='ltr'><strong>dicere,</strong></span> <span class='ocrx_word' id='word_1_306' title='bbox 533 3569 562 3614; x_wconf 87' lang='lat' dir='ltr'><strong>et</strong></span> <span class='ocrx_word' id='word_1_307' title='bbox 579 3579 629 3614; x_wconf 91' lang='lat' dir='ltr'><strong>nos</strong></span> <span class='ocrx_word' id='word_1_308' title='bbox 656 3557 799 3622; x_wconf 86' lang='lat' dir='ltr'><strong>subditos,</strong></span> <span class='ocrx_word' id='word_1_309' title='bbox 829 3575 908 3630; x_wconf 78' lang='lat' dir='ltr'><strong>aegre</strong></span> <span class='ocrx_word' id='word_1_310' title='bbox 932 3555 1080 3610; x_wconf 75' lang='lat' dir='ltr'><strong>admodum</strong></span> <span class='ocrx_word' id='word_1_311' title='bbox 1108 3551 1181 3604; x_wconf 89' lang='lat' dir='ltr'><strong>istue</strong></span> 
     </span>
     <span class='ocr_line' id='line_1_35' title="bbox 71 3627 1178 3702; baseline -0.005 -24"><span class='ocrx_word' id='word_1_312' title='bbox 71 3627 219 3696; x_wconf 79' lang='lat' dir='ltr'><strong>potientes</strong></span> <span class='ocrx_word' id='word_1_313' title='bbox 238 3635 266 3679; x_wconf 87' lang='lat' dir='ltr'><strong>et</strong></span> <span class='ocrx_word' id='word_1_314' title='bbox 283 3629 413 3682; x_wconf 87' lang='lat' dir='ltr'><strong>iniuriam</strong></span> <span class='ocrx_word' id='word_1_315' title='bbox 432 3640 538 3684; x_wconf 88' lang='lat' dir='ltr'><strong>tantum</strong></span> <span class='ocrx_word' id='word_1_316' title='bbox 556 3649 612 3686; x_wconf 89' lang='lat' dir='ltr'><strong>non</strong></span> <span class='ocrx_word' id='word_1_317' title='bbox 631 3631 849 3702; x_wconf 81' lang='lat' dir='ltr'><strong>lamentantes‚)</strong></span> <span class='ocrx_word' id='word_1_318' title='bbox 867 3629 965 3682; x_wconf 82' lang='lat' dir='ltr'><strong>iniusti</strong></span> <span class='ocrx_word' id='word_1_319' title='bbox 984 3635 1013 3679; x_wconf 91' lang='lat' dir='ltr'><strong>et</strong></span> <span class='ocrx_word' id='word_1_320' title='bbox 1030 3640 1178 3693; x_wconf 89' lang='lat' dir='ltr'><strong>propemo-</strong></span> 
     </span>
     <span class='ocr_line' id='line_1_36' title="bbox 72 3692 1178 3768; baseline -0.009 -15"><span class='ocrx_word' id='word_1_321' title='bbox 72 3699 146 3751; x_wconf 89' lang='lat' dir='ltr'><strong>dum</strong></span> <span class='ocrx_word' id='word_1_322' title='bbox 166 3696 323 3768; x_wconf 81' lang='lat' dir='ltr'><strong>proditores</strong></span> <span class='ocrx_word' id='word_1_323' title='bbox 341 3704 427 3754; x_wconf 89' lang='lat' dir='ltr'><strong>nostri</strong></span> <span class='ocrx_word' id='word_1_324' title='bbox 447 3705 552 3767; x_wconf 77' lang='lat' dir='ltr'><strong>effecti,</strong></span> <span class='ocrx_word' id='word_1_325' title='bbox 577 3703 644 3756; x_wconf 89' lang='lat' dir='ltr'><strong>dum</strong></span> <span class='ocrx_word' id='word_1_326' title='bbox 668 3703 763 3755; x_wconf 87' lang='lat' dir='ltr'><strong>saitem</strong></span> <span class='ocrx_word' id='word_1_327' title='bbox 781 3703 834 3754; x_wconf 88' lang='lat' dir='ltr'><strong>ista</strong></span> <span class='ocrx_word' id='word_1_328' title='bbox 852 3701 897 3752; x_wconf 85' lang='lat' dir='ltr'><strong>uia</strong></span> <span class='ocrx_word' id='word_1_329' title='bbox 915 3713 1024 3752; x_wconf 88' lang='lat' dir='ltr'><strong>omnem</strong></span> <span class='ocrx_word' id='word_1_330' title='bbox 1041 3711 1089 3746; x_wconf 84' lang='lat' dir='ltr'><strong>vos</strong></span> <span class='ocrx_word' id='word_1_331' title='bbox 1108 3692 1178 3745; x_wconf 90' lang='lat' dir='ltr'><strong>belli</strong></span> 
     </span>
     <span class='ocr_line' id='line_1_37' title="bbox 70 3763 1177 3842; baseline -0.005 -20"><span class='ocrx_word' id='word_1_332' title='bbox 70 3769 253 3822; x_wconf 79' lang='lat' dir='ltr'><strong>occasionem</strong></span> <span class='ocrx_word' id='word_1_333' title='bbox 270 3787 312 3821; x_wconf 90' lang='lat' dir='ltr'><strong>am</strong></span> <span class='ocrx_word' id='word_1_334' title='bbox 334 3781 458 3826; x_wconf 83' lang='lat' dir='ltr'><strong>staturos</strong></span> <span class='ocrx_word' id='word_1_335' title='bbox 476 3775 595 3829; x_wconf 88' lang='lat' dir='ltr'><strong>creditis.</strong></span> <span class='ocrx_word' id='word_1_336' title='bbox 631 3773 667 3826; x_wconf 81' lang='lat' dir='ltr'><strong>Ar</strong></span> <span class='ocrx_word' id='word_1_337' title='bbox 687 3773 735 3825; x_wconf 88' lang='lat' dir='ltr'><strong>iiie</strong></span> <span class='ocrx_word' id='word_1_338' title='bbox 752 3771 869 3842; x_wconf 89' lang='lat' dir='ltr'><strong>perinde</strong></span> <span class='ocrx_word' id='word_1_339' title='bbox 888 3787 920 3822; x_wconf 85' lang='lat' dir='ltr'><strong>ae</strong></span> <span class='ocrx_word' id='word_1_340' title='bbox 938 3769 962 3822; x_wconf 87' lang='lat' dir='ltr'><strong>si</strong></span> <span class='ocrx_word' id='word_1_341' title='bbox 981 3765 1063 3820; x_wconf 90' lang='lat' dir='ltr'><strong>tellus</strong></span> <span class='ocrx_word' id='word_1_342' title='bbox 1077 3763 1103 3816; x_wconf 88' lang='lat' dir='ltr'><strong>ei</strong></span> <span class='ocrx_word' id='word_1_343' title='bbox 1120 3779 1177 3816; x_wconf 84' lang='lat' dir='ltr'><strong>non</strong></span> 
     </span>
     <span class='ocr_line' id='line_1_38' title="bbox 69 3787 1177 3912; baseline -0.009 -19"><span class='ocrx_word' id='word_1_344' title='bbox 69 3841 233 3902; x_wconf 85' lang='lat' dir='ltr'><strong>sufficeret,</strong></span> <span class='ocrx_word' id='word_1_345' title='bbox 265 3843 288 3894; x_wconf 86' lang='lat' dir='ltr'><strong>ri</strong></span> <span class='ocrx_word' id='word_1_346' title='bbox 313 3787 390 3896; x_wconf 59' lang='lat' dir='ltr'><strong>dano</strong></span> <span class='ocrx_word' id='word_1_347' title='bbox 417 3845 557 3898; x_wconf 85' lang='lat' dir='ltr'><strong>vobiscum</strong></span> <span class='ocrx_word' id='word_1_348' title='bbox 582 3845 739 3906; x_wconf 76' lang='lat' dir='ltr'><strong>habitaret,</strong></span> <span class='ocrx_word' id='word_1_349' title='bbox 767 3843 801 3895; x_wconf 84' lang='lat' dir='ltr'><strong>de</strong></span> <span class='ocrx_word' id='word_1_350' title='bbox 832 3843 939 3912; x_wconf 80' lang='lat' dir='ltr'><strong>integro</strong></span> <span class='ocrx_word' id='word_1_351' title='bbox 962 3855 992 3890; x_wconf 88' lang='lat' dir='ltr'><strong>ao</strong></span> <span class='ocrx_word' id='word_1_352' title='bbox 1009 3834 1120 3888; x_wconf 87' lang='lat' dir='ltr'><strong>tertium</strong></span> <span class='ocrx_word' id='word_1_353' title='bbox 1141 3831 1177 3884; x_wconf 89' lang='lat' dir='ltr'><strong>ad</strong></span> 
     </span>
     <span class='ocr_line' id='line_1_39' title="bbox 67 3903 1178 3988; baseline -0.011 -22"><span class='ocrx_word' id='word_1_354' title='bbox 67 3929 155 3964; x_wconf 83' lang='lat' dir='ltr'><strong>arma</strong></span> <span class='ocrx_word' id='word_1_355' title='bbox 178 3912 270 3975; x_wconf 86' lang='lat' dir='ltr'><strong>venit,</strong></span> <span class='ocrx_word' id='word_1_356' title='bbox 298 3929 359 3964; x_wconf 89' lang='lat' dir='ltr'><strong>eum</strong></span> <span class='ocrx_word' id='word_1_357' title='bbox 385 3915 458 3970; x_wconf 87' lang='lat' dir='ltr'><strong>nihii</strong></span> <span class='ocrx_word' id='word_1_358' title='bbox 483 3924 556 3970; x_wconf 88' lang='lat' dir='ltr'><strong>esset</strong></span> <span class='ocrx_word' id='word_1_359' title='bbox 582 3916 658 3988; x_wconf 87' lang='lat' dir='ltr'><strong>quod</strong></span> <span class='ocrx_word' id='word_1_360' title='bbox 684 3915 745 3966; x_wconf 88' lang='lat' dir='ltr'><strong>ioco</strong></span> <span class='ocrx_word' id='word_1_361' title='bbox 771 3913 894 3966; x_wconf 84' lang='lat' dir='ltr'><strong>oriminis</strong></span> <span class='ocrx_word' id='word_1_362' title='bbox 914 3909 1071 3962; x_wconf 81' lang='lat' dir='ltr'><strong>obiectaret</strong></span> <span class='ocrx_word' id='word_1_363' title='bbox 1119 3903 1178 3955; x_wconf 88' lang='lat' dir='ltr'><strong>Nee</strong></span> 
     </span>
     <span class='ocr_line' id='line_1_40' title="bbox 68 3975 1178 4051; baseline -0.01 -15"><span class='ocrx_word' id='word_1_364' title='bbox 68 3985 133 4036; x_wconf 83' lang='lat' dir='ltr'><strong>ism</strong></span> <span class='ocrx_word' id='word_1_365' title='bbox 164 3983 315 4051; x_wconf 87' lang='lat' dir='ltr'><strong>imparatus</strong></span> <span class='ocrx_word' id='word_1_366' title='bbox 344 3992 373 4036; x_wconf 89' lang='lat' dir='ltr'><strong>et</strong></span> <span class='ocrx_word' id='word_1_367' title='bbox 395 3988 472 4040; x_wconf 81' lang='lat' dir='ltr'><strong>vetut</strong></span> <span class='ocrx_word' id='word_1_368' title='bbox 499 4003 539 4040; x_wconf 66' lang='lat' dir='ltr'><strong>exv</strong></span> <span class='ocrx_word' id='word_1_369' title='bbox 560 3989 659 4040; x_wconf 84' lang='lat' dir='ltr'><strong>itinere</strong></span> <span class='ocrx_word' id='word_1_370' title='bbox 685 3991 718 4036; x_wconf 87' lang='lat' dir='ltr'><strong>ut</strong></span> <span class='ocrx_word' id='word_1_371' title='bbox 742 3985 824 4048; x_wconf 82' lang='lat' dir='ltr'><strong>eiius,</strong></span> <span class='ocrx_word' id='word_1_372' title='bbox 853 3979 903 4036; x_wconf 92' lang='lat' dir='ltr'><strong>sed</strong></span> <span class='ocrx_word' id='word_1_373' title='bbox 928 3980 1015 4034; x_wconf 89' lang='lat' dir='ltr'><strong>multo</strong></span> <span class='ocrx_word' id='word_1_374' title='bbox 1033 3984 1113 4030; x_wconf 86' lang='lat' dir='ltr'><strong>autea</strong></span> <span class='ocrx_word' id='word_1_375' title='bbox 1131 3975 1178 4026; x_wconf 86' lang='lat' dir='ltr'><strong>in·</strong></span> 
     </span>
     <span class='ocr_line' id='line_1_41' title="bbox 69 4047 1176 4130; baseline -0.007 -24"><span class='ocrx_word' id='word_1_376' title='bbox 69 4060 200 4106; x_wconf 83' lang='lat' dir='ltr'><strong>structus</strong></span> <span class='ocrx_word' id='word_1_377' title='bbox 219 4053 249 4103; x_wconf 90' lang='lat' dir='ltr'><strong>in</strong></span> <span class='ocrx_word' id='word_1_378' title='bbox 267 4053 428 4121; x_wconf 84' lang='lat' dir='ltr'><strong>occidente,</strong></span> <span class='ocrx_word' id='word_1_379' title='bbox 458 4059 664 4130; x_wconf 84' lang='lat' dir='ltr'><strong>exercitumque</strong></span> <span class='ocrx_word' id='word_1_380' title='bbox 688 4063 782 4108; x_wconf 87' lang='lat' dir='ltr'><strong>eontra</strong></span> <span class='ocrx_word' id='word_1_381' title='bbox 805 4071 855 4106; x_wconf 89' lang='lat' dir='ltr'><strong>nos</strong></span> <span class='ocrx_word' id='word_1_382' title='bbox 873 4069 929 4106; x_wconf 88' lang='lat' dir='ltr'><strong>non</strong></span> <span class='ocrx_word' id='word_1_383' title='bbox 949 4067 983 4104; x_wconf 81' lang='lat' dir='ltr'><strong>ex</strong></span> <span class='ocrx_word' id='word_1_384' title='bbox 1001 4047 1112 4102; x_wconf 86' lang='lat' dir='ltr'><strong>Graecis</strong></span> <span class='ocrx_word' id='word_1_385' title='bbox 1130 4061 1176 4098; x_wconf 89' lang='lat' dir='ltr'><strong>so·</strong></span> 
     </span>
     <span class='ocr_line' id='line_1_42' title="bbox 67 4117 1177 4198; baseline -0.011 -20"><span class='ocrx_word' id='word_1_386' title='bbox 67 4126 136 4178; x_wconf 88' lang='lat' dir='ltr'><strong>lum</strong></span> <span class='ocrx_word' id='word_1_387' title='bbox 156 4123 216 4174; x_wconf 86' lang='lat' dir='ltr'><strong>iilic</strong></span> <span class='ocrx_word' id='word_1_388' title='bbox 233 4125 435 4191; x_wconf 82' lang='lat' dir='ltr'><strong>incolentibus,</strong></span> <span class='ocrx_word' id='word_1_389' title='bbox 467 4126 516 4180; x_wconf 89' lang='lat' dir='ltr'><strong>sed</strong></span> <span class='ocrx_word' id='word_1_390' title='bbox 540 4147 574 4183; x_wconf 81' lang='lat' dir='ltr'><strong>ex</strong></span> <span class='ocrx_word' id='word_1_391' title='bbox 597 4127 697 4182; x_wconf 85' lang='lat' dir='ltr'><strong>uicinis</strong></span> <span class='ocrx_word' id='word_1_392' title='bbox 716 4141 827 4198; x_wconf 91' lang='lat' dir='ltr'><strong>quoque</strong></span> <span class='ocrx_word' id='word_1_393' title='bbox 847 4121 973 4176; x_wconf 89' lang='lat' dir='ltr'><strong>barbaris</strong></span> <span class='ocrx_word' id='word_1_394' title='bbox 991 4117 1177 4179; x_wconf 82' lang='lat' dir='ltr'><strong>auxiliarium,</strong></span> 
     </span>
     <span class='ocr_line' id='line_1_43' title="bbox 67 4188 1177 4268; baseline -0.009 -19"><span class='ocrx_word' id='word_1_395' title='bbox 67 4203 176 4249; x_wconf 86' lang='lat' dir='ltr'><strong>nostro</strong></span> <span class='ocrx_word' id='word_1_396' title='bbox 194 4210 251 4246; x_wconf 85' lang='lat' dir='ltr'><strong>non</strong></span> <span class='ocrx_word' id='word_1_397' title='bbox 268 4197 351 4266; x_wconf 85' lang='lat' dir='ltr'><strong>pauiu</strong></span> <span class='ocrx_word' id='word_1_398' title='bbox 369 4199 584 4254; x_wconf 88' lang='lat' dir='ltr'><strong>numerosiorem</strong></span> <span class='ocrx_word' id='word_1_399' title='bbox 602 4199 726 4256; x_wconf 80' lang='lat' dir='ltr'><strong>adduxit.</strong></span> <span class='ocrx_word' id='word_1_400' title='bbox 763 4195 826 4268; x_wconf 84' lang='lat' dir='ltr'><strong>Quo</strong></span> <span class='ocrx_word' id='word_1_401' title='bbox 843 4201 999 4264; x_wconf 85' lang='lat' dir='ltr'><strong>comperto,</strong></span> <span class='ocrx_word' id='word_1_402' title='bbox 1015 4188 1177 4258; x_wconf 71' lang='lat' dir='ltr'><strong>Byzantium</strong></span> 
     </span>
     <span class='ocr_line' id='line_1_44' title="bbox 67 4260 1176 4344; baseline -0.009 -23"><span class='ocrx_word' id='word_1_403' title='bbox 67 4265 218 4340; x_wconf 76' lang='lat' dir='ltr'><strong>profesti,</strong></span> <span class='ocrx_word' id='word_1_404' title='bbox 248 4273 354 4342; x_wconf 50' lang='lat' dir='ltr'><strong>pne&#39;eru⁶</strong></span> <span class='ocrx_word' id='word_1_405' title='bbox 371 4271 531 4343; x_wconf 74' lang='lat' dir='ltr'><strong>rogavistis,</strong></span> <span class='ocrx_word' id='word_1_406' title='bbox 560 4289 622 4325; x_wconf 90' lang='lat' dir='ltr'><strong>cum</strong></span> <span class='ocrx_word' id='word_1_407' title='bbox 648 4269 786 4344; x_wconf 85' lang='lat' dir='ltr'><strong>postulata</strong></span> <span class='ocrx_word' id='word_1_408' title='bbox 812 4281 901 4340; x_wconf 82' lang='lat' dir='ltr'><strong>aeque</strong></span> <span class='ocrx_word' id='word_1_409' title='bbox 926 4271 958 4318; x_wconf 90' lang='lat' dir='ltr'><strong>ut</strong></span> <span class='ocrx_word' id='word_1_410' title='bbox 982 4269 1047 4317; x_wconf 88' lang='lat' dir='ltr'><strong>ante</strong></span> <span class='ocrx_word' id='word_1_411' title='bbox 1074 4260 1176 4316; x_wconf 77' lang='lat' dir='ltr'><strong>reiecta</strong></span> 
     </span>
    </p>
   </div>
   <div class='ocr_carea' id='block_1_5' title="bbox 0 0 1542 4946">
    <p class='ocr_par' dir='ltr' id='par_1_8' title="bbox 0 0 1542 4946">
     <span class='ocr_line' id='line_1_45' title="bbox 0 0 1542 4946; baseline 0 10"><span class='ocrx_word' id='word_1_412' title='bbox 0 0 1542 4946; x_wconf 95' lang='lat' dir='ltr'><strong> </strong></span> 
     </span>
    </p>
   </div>
  </div>
 </body>
</html>
