3128 4922
346 225 398 314 is
753 251 1032 320 cimicumu

194 421 256 481 sc.
271 410 417 483 emes
430 427 486 480 su
503 407 683 498 ειιιιειιν
702 396 912 491 cerepum
929 397 1017 491 «ειη
1036 403 1095 471 sss
1120 407 1175 470 ιιι
1197 397 1312 488 νοτες,
1332 399 1439 490 σιμ
1539 377 1540 420 ³

344 505 487 592 πρόσθεν
509 507 648 592 όζήτεις,
667 505 831 590 γενήσεται
850 507 926 587 νόν,
955 505 1011 568 καί
1030 507 1135 590 ἔτερος
1147 504 1219 570 ens·
1231 505 1290 570 σοῦ
1302 507 1439 591 προβλη-

345 605 480 693 θήσεεαι
498 601 668 689 βασιλεός,
687 607 747 678 σοῦ
760 601 818 680 τὰς
835 601 960 690 πραότας
983 605 1059 693 πμρ’
1075 595 1286 684 αότοῦτιμὰς
1300 625 1440 690 καρπου.
1540 608 1541 635 ¹

346 709 478 790 μένον.”
498 701 575 790 πρός
595 695 689 769 ταῦθ’
707 701 809 778 όνόος
819 695 1021 788 Ἀνδρόνικος
1039 693 1225 786 ἀπεκρίνατο
1245 703 1388 770 τοιαῦτα·

247 843 250 852 ,
266 808 339 868 stet
427 803 493 885 ζ.,,
503 803 576 878 Τοῖς
590 803 624 882 ἐξ
641 794 732 887 όργής
746 793 769 885 ή
781 789 905 885 λόπηςή
917 819 999 876 τινος
1014 800 1077 866 τόν
1093 800 1242 866 τοιούτων
1255 801 1462 885 τεταραγμέ.5
1541 847 1542 850 ,

259 912 293 966 v.
306 928 412 985 ι9νσις
430 899 506 978 rode
527 897 696 984 λογισμούς
707 892 888 968 ,ἀκόλουθόν
903 900 982 981 ἐστι,
998 891 1078 984 μήθ’
1092 890 1140 964 τόν
1155 902 1282 991 λέγουσι
1296 889 1374 984 μήθ’
1395 889 1443 966 nir

345 1005 466 1091 όρυόσιν
484 1003 520 1068 ἐν
536 1008 601 1076 τοῖς
617 999 673 1084 τής
689 1000 832 1086 ταραχῆς
857 1006 977 1086 καιροῖς
991 1000 1225 1085 παρακατέχειν
1239 995 1295 1084 τήν
1303 999 1445 1086 μνήμην.

346 1099 430 1168 duco
452 1097 512 1186 γὰρ
533 1090 613 1183 μήθ’
635 1087 685 1165 ὦν
703 1095 893 1184 πράττουσιν
909 1096 1119 1164 αἰσθάνονται
1139 1091 1200 1164 τόν
1219 1093 1297 1184 πρός
1320 1094 1444 1186 βραχό,

345 1201 444 1287 σχολή
462 1191 539 1282 γ’όν
554 1194 768 1281 μεμνήσονται
787 1193 887 1280 λόγων
914 1190 1166 1283 παρερρυηκότος
1185 1198 1323 1285 χρόνου.
1357 1195 1387 1263 οἱ
1406 1201 1445 1266 δέ

344 1325 380 1390 γε
394 1295 481 1384 πυρά
499 1319 581 1374 τινος
595 1292 696 1380 λόγοις
712 1288 734 1381 ή
750 1295 930 1383 πράγμασιν
945 1288 1216 1382 εόεργετοόμενοι,
1241 1297 1297 1362 κατ’
1310 1299 1355 1376 εἰς
1367 1295 1486 1375 udi-10

346 1396 423 1476 λοός
438 1391 606 1473 ε’νιαυτοός
617 1391 675 1478 τήν
686 1392 814 1480 μνήμην
823 1396 1080 1481 παρατατόχουσι
1096 1397 1160 1462 τῶν
1179 1389 1446 1482 εόεργετημὰτων.

345 1498 473 1583 ἡμέρου
493 1493 552 1582 γὰρ
576 1485 672 1580 οόσης
694 1496 749 1580 τής
768 1494 876 1577 ψυχῆς
903 1495 959 1560 κατ’
976 1496 1205 1580 ναθεστηκνιξις
1224 1495 1280 1560 κατ’
1296 1502 1365 1574 ταῖς
1389 1488 1447 1560 τό.

346 1597 504 1683 εργεσόαρς
517 1595 727 1680 όνηόομόνης,
746 1589 792 1668 οός
809 1593 844 1658 ἐν
862 1594 972 1680 χαλκῷ
998 1593 1169 1676 repentes
1193 1595 1249 1658 καί
1266 1594 1329 1661 τῶν
1346 1591 1448 1678 λόγων

347 1695 404 1762 κατ’
420 1695 486 1760 ταῖν
499 1690 600 1778 ἔργον
621 1691 865 1775 όγκολότιτεσθαι
881 1688 937 1768 τός
957 1689 1105 1777 μνήμας..
1134 1693 1189 1763 sas*
1209 1686 1304 1771 αότός
1329 1696 1449 1776 τοίνυν,

327 1785 384 1860 Boi
397 1794 541 1877 βασιλεῦ,
561 1782 608 1857 τόν
617 1792 678 1872 μὲν
695 1787 897 1877 ἐφθεγξάμην
906 1792 941 1857 όν
954 1784 1000 1868 οἷς
1015 1783 1219 1876 ήγανοὶνιτουν,
1240 1791 1488 1876 ἐπιλέλησμαιιό

348 1892 517 1968 παντελῶς·
536 1879 584 1956 τόν
599 1882 632 1955 δ’
644 1880 786 1974 ήκηκόειν
804 1882 1061 1974 εὐεργετούμενος
1078 1885 1166 1976 παρὰ
1181 1890 1251 1971 acsi,
1272 1887 1370 1968 οότιος
1383 1887 1450 1974 ἔχω

301 2052 305 2058 .
347 1989 406 2077 τήν
419 1987 548 2074 μνήμην
568 1982 736 2054 ἀνθοῦσαν
756 1990 812 2054 καό
833 1983 969 2074 νεαρὰν,
1005 1985 1049 2063 ὥς
1067 1989 1170 2055 όονιεῖν
1187 1979 1276 2053 edum
1293 1991 1374 2073 χθὲς
1395 1992 1454 2056 ser*

337 2086 459 2177 ,προόην
484 2083 659 2172 ἀκηκοέναι
693 2082 748 2150 sus*
765 2088 802 2152 σὲ
822 2087 858 2154 δὲ
879 2079 979 2152 αότόν
1001 2085 1185 2172 ἐλογιζόμην
1206 2083 1259 2154 τόν
1280 2086 1351 2154 ἴσον
1375 2092 1454 2172 ἐμοὶ

349 2192 533 2258 διακεῖσθαι
550 2187 691 2273 τρόπον,
713 2186 770 2250 καί
784 2175 831 2250 τόν
845 2188 907 2269 μὲν
926 2177 1124 2272 όργιζόμενος
1145 2188 1301 2274 ἐφθέγξω,
1321 2184 1377 2274 τήν
1394 2213 1453 2254 τα.
1547 2212 1548 2220 “

347 2290 462 2376 χίστην
479 2283 538 2372 τήν
555 2281 684 2370 μνήμην
701 2283 888 2368 ἀποβαλεῖν,
907 2275 954 2351 dv
983 2286 1020 2350 dd
1041 2282 1264 2372 εόηργότηκυς,
1295 2285 1491 2376 όσφαλῶςηο

350 2389 592 2474 παρακατέχενν.
620 2383 678 2450 νόν
701 2383 737 2449 δὲ
756 2381 940 2449 τοόναντόον
958 2379 1043 2450 ἅπαν
1068 2380 1133 2470 ipsi
1156 2390 1340 2472 συμβαῖνον.
1374 2384 1451 2464 νοός

349 2485 410 2573 γὰρ
425 2486 480 2572 τής
495 2483 620 2571 εἰρήνης
637 2482 746 2568 λόγους
762 2482 855 2571 βυθῷ
873 2481 989 2570 Λήθης
1006 2484 1165 2570 φέρεσθαι
1178 2483 1353 2572 παραόοός,
1372 2483 1452 2564 τούς

379 2648 382 2657 ·
420 2621 446 2678 5.
464 2621 591 2684 (insece,
604 2633 675 2691 quse
691 2620 722 2673 in
736 2635 784 2672 rus.
795 2619 953 2691 interpretis
963 2618 1010 2674 hic
1020 2617 1262 2688 desidersbentnr,
1276 2623 1383 2694 integre
1397 2639 1453 2678 no-

420 2699 476 2746 ster
485 2691 615 2762 babebit·
633 2689 697 2747 ΕΙ).
714 2689 745 2746 P.

239 2869 243 2876 .
350 2829 395 2884 sin
407 2829 507 2891 minut,
516 2826 601 2880 alium
614 2841 665 2898 pro
677 2818 810 2879 arbitratu
824 2826 1016 2896 imperatorem
1032 2834 1129 2880 oresio.
1147 2827 1243 2902 iteqsre
1259 2845 1331 2881 nunc
1347 2845 1452 2886 renun-

350 2902 415 2954 tiari
431 2899 521 2954 eidem
538 2899 606 2952 baec
623 2898 718 2950 iussit:
745 2893 829 2967 Quod
845 2896 992 2968 aliquando
1011 2896 1198 2964 desiderabas,
1220 2900 1279 2951 eius
1296 2917 1369 2953 nunc
1389 2903 1453 2955 iuro

351 2988 461 3042 compos
476 2969 537 3024 fies:
564 2969 635 3021 elius
657 2969 731 3020 enim
750 2967 780 3019 in
799 2968 889 3019 locum
911 2975 988 3020 tuum
1007 2969 1153 3040 imperator
1169 2972 1332 3036 ssciscetur,
1356 2975 1406 3042 qui
1424 2983 1455 3026 te

351 3044 462 3166 ρυοιριυίε
477 3039 636 3096 honestabit
650 3037 811 3092 bonoribus.
830 3039 910 3091 Tunc
922 3038 1034 3110 quidem
1045 3039 1216 3096 Andronicus
1226 3041 1279 3094 hoc
1292 3060 1453 3117 responsum

407 3115 439 3168 it.

422 3203 445 3254 η.
483 3179 541 3254 Qui
560 3183 614 3244 ire,
632 3179 742 3243 dolore,
767 3176 880 3232 autolio
895 3180 1024 3252 quopiam
1040 3182 1137 3234 effectu
1153 3184 1339 3250 concitantur,
1361 3201 1454 3256 neque

352 3251 421 3326 quid
438 3252 561 3305 dixerint
574 3255 603 3305 in
616 3251 665 3303 iila
678 3251 886 3321 perturbatione
899 3261 989 3321 neque
1004 3251 1072 3321 quid
1091 3251 1216 3320 iecerint,
1233 3257 1389 3310 meminisse
1407 3273 1453 3309 so-

352 3323 420 3376 lent
464 3321 531 3374 Cum
550 3324 624 3374 enirn
642 3337 698 3374 non
719 3323 840 3373 sentiunt
862 3320 907 3372 vel
928 3320 962 3373 ad
980 3316 1030 3374 'eri
1068 3339 1113 3373 um
1133 3332 1254 3396 tempus,
1280 3325 1348 3398 quid
1365 3333 1455 3398 egeni,

352 3395 440 3446 multo
455 3393 546 3446 minus
564 3392 709 3445 verborum
745 3391 935 3443 rneteritorum
952 3339 1085 3444 recorffiri
1141 3405 1213 3448 eunt
1250 3397 1283 3450 In
1302 3414 1371 3470 quos
1389 3413 1455 3451 vero

353 3480 403 3518 seu
415 3463 500 3516 serbo
516 3480 565 3516 scu
581 3479 610 3515 re
631 3408 743 3533 aliquid
755 3461 840 3514 officii
861 3463 989 3514 collatum
1003 3471 1062 3528 est,
1079 3463 1121 3517 ills
1140 3467 1184 3518 voi
1204 3467 1235 3518 in
1252 3467 1352 3520 multos
1369 3485 1455 3522 anuos

353 3543 527 3607 acceptorum
540 3534 698 3586 memoriam
711 3533 876 3585 custodiunt
914 3531 988 3655 (ρυίυ
1000 3549 1117 3603 namque
1129 3537 1205 3589 mitis
1220 3553 1313 3590 eorum
1326 3539 1455 3610 beneque

355 3607 522 3676 compositus
535 3613 577 3659 est
590 3605 697 3656 animus
722 3610 751 3655 et
770 3601 906 3655 beneflcio
939 3603 1080 3668 eiectatur,
1103 3605 1144 3670 iit,
1167 3613 1199 3659 ut
1218 3623 1279 3660 cnm
1296 3610 1379 3662 verbs
1398 3619 1454 3664 tum

352 3673 499 3730 benefacta
516 3677 560 3729 illi
582 3683 720 3744 tamquam
739 3675 770 3726 in
787 3689 832 3726 ees
845 3673 980 3744 insculpta
995 3673 1131 3729 haereant
1167 3677 1206 3730 Ac
1224 3695 1267 3732 nse
1282 3695 1346 3733 sene
1362 3691 1455 3734 eorum

355 3765 425 3820 quae
439 3748 546 3800 locutus
564 3762 637 3808 sum,
663 3745 728 3797 dum
745 3743 883 3797 stomacho
905 3752 934 3796 et
951 3743 1134 3814 indignationi
1151 3749 1315 3815 serviebam,
1331 3747 1456 3805 funditus

354 3821 430 3890 cepit
441 3817 561 3871 oblivio:
583 3831 653 3886 quae
668 3823 759 3867 sutem
780 3814 869 3867 abste
880 3813 949 3866 mibi
964 3814 1155 3870 benefaciente
1172 3819 1282 3886 audivi,
1307 3823 1346 3874 ita
1362 3823 1455 3892 vigent

335 3947 338 3950 ,
354 3891 385 3942 in
398 3897 509 3960 pectore
526 3904 603 3949 meo,
626 3894 658 3938 ut
672 3901 704 3938 es
721 3901 772 3936 nec
795 3884 854 3937 beri
878 3883 990 3955 quidem
1006 3901 1037 3938 sc
1053 3887 1272 3956 nudiustertius,
1302 3891 1350 3946 sed
1372 3891 1454 3944 bodie

374 3961 473 4012 rimum
487 3957 530 4012 his
547 3955 659 4010 auribus
673 3954 795 4007 hausisse
812 3971 855 4007 mo
867 3962 968 4024 putem.
1007 3955 1048 4009 Te
1059 3973 1122 4012 vero
1139 3961 1254 4030 perinde
1268 3966 1393 4016 affectum
1410 3977 1453 4014 re·

353 3977 419 4096 ban
440 4045 565 4101 quaeque
578 4044 627 4098 per
643 4029 709 4078 iram
727 4027 948 4096 exprompsisscs,
963 4043 1056 4080 eorum
1068 4031 1198 4082 citissime
1209 4031 1341 4086 abiecisse
1351 4049 1454 4085 merno-

356 4103 438 4154 riem:
461 4117 530 4171 qune
544 4107 635 4150 sutem
649 4097 783 4150 beneficia
798 4099 827 4148 in
847 4111 890 4148 sne
910 4096 1078 4162 collocasses,
1092 4117 1123 4154 ee
1138 4109 1166 4154 tc
1181 4103 1263 4155 etiarn
1277 4113 1360 4175 utque
1374 4106 1454 4156 etism

355 4169 499 4225 recorderi.
537 4167 616 4224 Nunc
640 4167 798 4222 omnissiin
818 4167 941 4223 evenisse
964 4171 1098 4242 lntoiligo.
1135 4169 1203 4225 Nem
1224 4189 1364 4232 sermones
1382 4194 1456 4234 nseos
